5559 8242
1594 2263 1729 2316 A.D.
1758 2269 1901 2322 1403.

1930 2055 2057 2130 362
2476 2065 2792 2116 ANNALEs
2837 2063 3132 2116 HENRICI.
3179 2063 3456 2130 QUARTI,

1926 2255 2345 2334 consiliarios,
2374 2257 2459 2322 ad
2490 2253 2902 2322 commodum
2949 2249 3148 2342 Regis
3191 2259 3262 2320 et
3305 2255 3506 2342 regni.
3599 2255 4016 2342 Scripserunt

1924 2361 2207 2448 insuper,
2260 2361 2437 2444 quod
2496 2380 2725 2424 census
2795 2363 2862 2424 et
2931 2357 3232 2444 talliagia
3295 2379 3598 2424 concessa
3641 2361 3830 2446 Regi,
3879 2357 4018 2424 sive

1924 2463 2185 2544 donata,
2244 2485 2363 2550 pro
2426 2461 2611 2528 salva
2668 2463 2860 2548 regni
2921 2463 3236 2538 custodia,
3299 2483 3438 2528 non
3497 2467 3656 2526 sunt
3703 2481 4016 2526 conversa

1924 2567 1997 2630 in
2040 2588 2197 2634 usus
2256 2565 2529 2644 debitos,
2590 2565 2705 2630 sed
2764 2565 3098 2644 devorata,
3157 2565 3356 2628 nimis
3423 2565 3772 2644 inutiliter,
3819 2567 4016 2650 atque

1926 2673 2323 2754 consumpta.
2440 2667 2852 2754 Quapropter
2917 2667 3102 2734 ducti
3165 2669 3562 2734 conscientia
3629 2667 4020 2756 praeconiza-

1924 2775 2093 2840 bant
2138 2793 2205 2838 se
2250 2769 2615 2856 compulsos
2660 2771 3038 2860 reipublicae
3099 2771 3614 2836 consideratione
3661 2771 4020 2838 auxiliares

1848 2955 1851 2958 ⁴
1926 2875 2327 2940 contraxisse
2388 2875 2623 2958 copias,
2676 2881 2759 2940 ut
2817 2877 2902 2940 ad
2963 2865 3300 2960 praemissa
3347 2873 3630 2940 securius
3675 2875 4018 2958 providere

1594 3097 1707 3148 The
1728 3095 1871 3162 King

1596 3165 1763 3214 writes
1786 3171 1841 3214 to

1594 3233 1795 3282 various

1596 3299 1887 3362 personS,in

1600 3381 1791 3416 answer
1812 3375 1867 3414 to

1596 3435 1727 3482 their
1746 3449 1885 3482 eom-

1596 3503 1795 3566 plaints.

1924 2983 2191 3064 possent
2236 2977 2257 3012 1
2284 2979 2603 3042 emendas.

2016 3081 2191 3146 Visis
2254 3079 2383 3146 hiis
2444 3079 2755 3168 apicibus,
2817 3079 3032 3168 plures
3099 3079 3464 3148 laudabant
3509 3081 3802 3168 ipsorum
3845 3081 4018 3148 inso-

1928 3183 2179 3264 lentiaS,
2232 3189 2299 3248 et
2360 3183 2767 3248 extollebant
2811 3183 3010 3250 fidem
3057 3207 3252 3270 quam
3301 3185 3804 3270 praetendebant
3867 3207 4022 3270 erga

1930 3285 2415 3374 rempublicam.
2528 3287 2659 3354 Sed
2704 3289 2856 3352 Rex
2891 3289 3162 3378 :audivit
3207 3289 3522 3368 fraudem,
3573 3293 3640 3354 et
3685 3287 4018 3374 comperit.

1930 3389 2261 3456 Turbatus
2308 3389 2593 3478 cogitare
2632 3391 2834 3476 ccepit
2881 3381 3118 3478 quibus
3147 3391 3282 3468 viis
3321 3393 3784 3458 communitati
3833 3391 4022 3458 satis-

1932 3495 2137 3560 facere
2166 3501 2405 3580 posset,
2434 3497 2503 3558 et
2548 3495 2946 3580 pessundare
2993 3501 3358 3560 commenta
3403 3495 3686 3560 conficta
3731 3503 3846 3582 per
3889 3515 4018 3558 eos.

1936 3597 2211 3684 Scripsit
2250 3619 2403 3684 ergo
2450 3597 2743 3682 personis
2789 3597 3028 3684 quibus
3077 3599 3266 3664 novit
3313 3619 3420 3664 eos
3467 3597 3812 3662 mandasse
3855 3619 4022 3682 pree-

1936 3703 2163 3768 missas
2228 3699 2505 3780 litterae,
2560 3701 2786 3766 dicens
2853 3723 2920 3766 se
2981 3701 3206 3766 mirari
3275 3693 3580 3780 maxime,
3637 3701 3812 3786 quod
3875 3721 4022 3764 cum.

1938 3803 2167 3870 Comes
2230 3803 2749 3882 Nerthumbriae,
2805 3807 2878 3868 et
2933 3803 3112 3869 filius
3169 3825 3342 3882 suuS,
3405 3803 3750 3882 Heni-icus,
3811 3825 4024 3888 perce-2

1936 3909 2191 3992 pissent
2250 3911 2503 3994 partem
2566 3905 2924 3972 maximam
2971 3927 3374 3972 summarum
3419 3926 3864 3972 concessarum
3909 3927 4024 3996 pro

1938 4011 2225 4076 tuitione
2254 4009 2571 4076 Mal-chiae
2602 4009 2868 4088 Scotiae,
2903 4017 2984 4074 ut
3003 4015 3222 4096 posset
3269 4009 3612 4076 evidenter
3661 4009 4022 4086 ostendere,

1934 4115 2109 4178 unde
2156 4113 2557 4200 concepisset
2616 4113 2964 4178 materiam
3009 4115 3222 4178 tantae
3269 4135 3406 4178 non
3449 4111 3660 4176 solum
3707 4111 4028 4198 querimo-

1932 4215 2083 4296 niae,
2116 4219 2227 4282 sed
2258 4215 2625 4282 manifestae
2658 4215 3104 4282 detractionis,
3197 4215 3474 4300 Scripsit
3503 4221 3822 4300 praeterea
3851 4215 4028 4304 quod

1936 4321 2061 4384 sibi
2110 4321 2393 4386 dabatur
2436 4317 2723 4404 intelligi
2764 4319 2938 4404 quod
2977 4317 3106 4404 ipsi
3139 4317 3372 4384 Comes
3419 4317 3922 4384 Nerthumbriee
3959 4321 4026 4382 et

1934 4419 2109 4484 filius
2140 4421 2317 4506 ejus,
2366 4419 2717 4498 Henricus',
2764 4443 3022 4486 necnon
3067 4425 3136 4486 et
3183 4419 3416 4486 Comes
3449 4421 3856 4508 Wygorniae‚
3891 4443 4028 4486 cer·-

1936 4525 2277 4600 tificarunt
2306 4525 2551 4590 multos
2582 4523 2978 4602 litteraliter,
3015 4527 3208 4610 quod,
3243 4525 3504 4602 scilicet,
3529 4531 3798 4610 propter
3829 4546 4028 4590 aemu-

1936 4627 2149 4692 lorum
2212 4627 2523 4712 pessimas
2582 4625 3098 4704 informationes,
3149 4625 3644 4712 delationesque
3707 4627 4024 4708 sinistras,

1936 4751 2133 4816 penes
2178 4731 2413 4816 ipsum,
2462 4731 2637 4818 quod
2682 4731 2832 4796 Rex
2875 4735 3140 4796 tantum
3189 4735 3416 4794 contra
3463 4751 3572 4794 eos
3617 4735 3838 4796 motus
3881 4729 4030 4806 fuit,

1938 4835 2115 4920 quod
2152 4857 2289 4898 non
2328 4833 2665 4900 audebant
2696 4835 3000 4900 accedere
3031 4833 3116 4898 ad
3145 4854 3332 4900 suam
3361 4833 3796 4918 praesentiam,
3829 4833 4030 4898 donec

1938 4959 2231 5022 personae
2294 4937 2535 5022 quibus
2604 4935 3016 5022 scripserant,
3083 4959 3268 5002 suam
3343 4937 3646 5002 fecissent
3713 4935 4028 5002 humilem

1938 5039 2405 5106 mediationem
2444 5061 2643 5124 penes
2682 5061 2749 5106 se
2789 5063 2906 5126 pro
2953 5039 3212 5106 eisdem.
3309 5039 3524 5120 Quare
3561 5039 4032 5124 supplicabant,

1942 5141 2037 5224 ut,
2068 5143 2459 5208 coadunatis
2490 5143 2796 5210 Praelatis
2837 5151 2908 5208 et
2951 5145 3140 5230 regni
3169 5143 3558 5222 Baronibus,
3593 5143 3758 5208 dicti
3801 5141 4032 5208 Comes

1942 5253 2009 5312 et
2056 5245 2383 5312 Henricus
2442 5247 2667 5312 venire
2734 5247 3282 5332 permitterentur
3345 5247 3428 5310 ad
3493 5245 3696 5332 Regis
3755 5267 4034 5334 praesen-

1942 5349 2129 5430 tiam,
2174 5349 2257 5412 ad
2306 5347 2769 5414 declarandum
2815 5351 2896 5416 de
2939 5347 3188 5414 talibus
3233 5349 3516 5414 sinistris
3557 5349 4038 5416 informationi-—

1946 5451 2067 5516 bus
2104 5475 2289 5516 suam
2328 5451 2792 5532 innocentiam,
2827 5457 2896 5516 et
2927 5453 3166 5518 exinde
3197 5475 3310 5536 per
3341 5475 3528 5538 pares
3559 5472 3712 5516 suos
3739 5451 4038 5540 legaliter

1936 5555 2287 5640 justificari
2328 5553 2647 5620 valerent.
2740 5553 2998 5634 Quibus
3041 5555 3118 5618 in
3163 5555 3296 5620 suis
3341 5553 3678 5640 respondit
3723 5553 4034 5640 apicibus

1946 5657 2121 5742 quod
2174 5655 2325 5722 licet
2374 5657 2870 5742 omnipotentis
2899 5657 3046 5722 *Dei
3091 5657 3310 5744 gratia
3371 5657 3532 5722 satis
3595 5661 3764 5722 esset
3837 5663 4036 5744 atque

2014 5877 2029 5906 ²
2056 5875 2181 5928 This
2236 5875 2281 5928 is
2334 5877 2581 5940 probably
2642 5877 2727 5926 the
2795 5877 2948 5938 word,
3039 5875 3296 5928 exuenda-5.

1948 5955 2143 6020 though
2188 5955 2229 6006 it
2272 5971 2411 6006 more
2464 5957 2643 6022 nearly
2680 5957 2950 6006 resembles
