5559 8242
2356 2091 2561 2142 REGIS
2600 2091 2904 2142 ANGLIAE.
3577 2075 3710 2142 173

1620 2299 1755 2358 suo,
1790 2277 1825 2314 ‘¹
1850 2277 2083 2340 Abron
2152 2275 2179 2312 2
2198 2275 2607 2354 Makmouth,
2676 2295 2826 2340 cum
2887 2273 3274 2360 presbytero
3319 2271 3714 2346 Powerensi,
3735 2279 3870 2334 A.D.
3897 2289 4040 2334 1394.

1620 2379 1893 2466 Dymyl,
1926 2379 2329 2466 Dangwyth,
2376 2377 2403 2414 ²³
2428 2379 2802 2464 Dymysyn‚
2847 2383 2918 2442 et
2963 2375 2988 2414 4
3011 2375 3230 2442 Archi.

1706 2481 1947 2564 Tenuit
1992 2485 2217 2546 autem
2264 2481 2411 2544 Rex
2458 2481 2525 2544 N
2526 2481 2701 2544 atale
2748 2477 3024 2544 Domini
3073 2479 3252 2566 apud
3299 2479 3708 2556 Dubliniam,

1616 2605 1765 2650 cum
1840 2601 2083 2670 magna
2150 2583 2581 2660 solemnitate,
2656 2587 2725 2646 et
2799 2585 3182 2648 morabatur
3245 2581 3320 2646 in
3381 2581 3708 2648 Hibernia

1614 2707 1819 2770 usque
1864 2691 2015 2774 post
2066 2685 2307 2750 festum
2352 2685 2635 2752 Paschae.

1702 2787 1829 2852 Per
1884 2787 1957 2852 id
2016 2791 2275 2874 tempus
2336 2793 2665 2852 venerunt
2724 2787 2812 2852 ad
2875 2787 3122 2874 Regem
3179 2787 3254 2852 in
3305 2787 3704 2852 Hiberniam
3731 2795 3842 2848 The
3863 2797 4004 2864 King

1612 2889 2151 2976 Archiepiscopus
2196 2889 2623 2954 Eboracensis
2668 2895 2737 2952 et
2789 2889 3152 2976 Episcopus
3203 2865 4006 2982 Londoniensis,¹g‘1³‡{!,?}tmas

1612 2997 1679 3056 et
1724 2991 1841 3054 alii
1882 2991 2111 3056 nuncii
2154 2991 2339 3058 missi
2384 3015 2499 3078 per
2544 2991 2792 3054 clerum
2833 2991 3024 3078 regni
3067 2991 3346 3078 Angliae,
3393 2999 3702 3078 rogantes
3727 3003 3780 3048 at
3799 2997 4008 3050 Dublin.

1606 3099 1685 3156 ut
1730 3093 2123 3178 quantocius
2176 3093 2539 3180 repatriare
2592 3093 2994 3180 dignaretur,
3047 3093 3134 3158 ad
3195 3093 3700 3158 succurrendum
3725 3113 3838 3164 The
3859 3115 4002 3180 Κίος

1606 3195 1763 3258 fidei
1794 3199 1861 3258 et
1892 3195 2237 3276 Ecclesiae3
2278 3197 2303 3232 ⁵
2324 3195 2639 3280 quoniam
2666 3217 2786 3282 per
2815 3195 3172 3274 Lollardos,
3203 3203 3272 3260 et
3301 3217 3528 3260 eorum
3555 3197 3700 3260 fau·-
3725 3181 4010 3300 Ξῗίΐξέξὲῗῒ·

1606 3303 1801 3374 toreS,
1830 3295 2307 3362 incredibiliter
2350 3297 2781 3386 affligebatur.
2875 3297 3052 3362 Nam
3097 3299 3178 3362 ad
3227 3297 3348 3362 hoc
3377 3297 3702 3364 vacabant
3725 3321 3842 3366 turn
3867 3325 3920 3366 to

1606 3399 2029 3476 solummodo,
2078 3405 2155 3462 ut
2198 3399 2725 3484 imaginarentur
2785 3401 3070 3486 qualiter
3113 3401 3356 3464 clerum
3421 3391 3700 3466 infama»
3723 3381 3974 3500 ξῌξὲίζέζ

1602 3507 1771 3580 rent,
1822 3501 2247 3588 possessiones
2314 3501 2621 3568 Ecclesiae
2686 3503 3014 3582 tollerent,
3077 3507 3146 3564 et
3199 3507 3466 3566 cunctas
3511 3525 3702 3566 cano·
3725 3531 3920 3580 quenee
3941 3515 4004 3566 of

1602 3603 1779 3666 nicas
1828 3605 2239 3668 destruerent
2284 3605 2669 3668 sanctiones,
2758 3603 2914 3666 Hiis
2959 3603 3224 3678 auditis,
3255 3603 3398 3666 Rex
3437 3583 4028 3698 iniiam--‘‡)¹}.‘²;d‘114{³⁶‘ig¹²S

1602 3709 1821 3768 matus
1852 3705 2083 3770 divino
2128 3705 2383 3790 spiritu,
2430 3727 2629 3788 quam
2674 3705 2808 3768 cito
2853 3703 3094 3788 potuit,
3137 3723 3436 3768 reversus
3481 3711 3580 3768 est
3623 3707 3698 3768 in
3721 3715 3962 3766 Lollards.

1598 3807 1933 3894 Angliam,
1982 3805 2313 3870 arbitrans
2356 3807 2565 3892 magis
2610 3805 3048 3870 necessarium
3093 3805 3250 3868 fidei
3295 3805 3700 3892 periclitanti

1598 3929 1985 3988 succurrere,
2018 3929 2215 3992 quam
2248 3909 2415 3972 circa
2458 3929 2659 3994 regna
2704 3905 3094 3992 temporalia
3125 3907 3474 3972 decertare.
3569 3907 3696 3972 Sed

1596 4011 1735 4076 haec
1780 4011 1853 4074 in
1892 4009 2317 4094 sequentibus
2362 4009 2671 4074 diffusius
2716 4015 2912 4072 erunt
2959 4009 3324 4074 tractanda.

1678 4195 1879 4262 Anno
1962 4197 2197 4284 gratiae
2280 4193 2627 4262 millesimo
2702 4197 3162 4260 trecentesimo
3251 4195 3686 4284 nonagesimo
3713 4199 3848 4254 A·D·
3875 4203 4018 4250 1395·

1592 4301 1839 4386 quinto,
1886 4305 1955 4364 et
1998 4301 2189 4388 regni
2244 4299 2441 4386 Regis
2488 4299 2757 4364 Ricardi
2807 4299 3092 4364 Secundi
3145 4299 3680 4376 octavo-decimo,

1590 4401 1811 4466 tenuit
1872 4401 2017 4466 Rex
2074 4401 2361 4466 solemne
2436 4401 2960 4466 Parliamentum
3035 4401 3108 4464 in
3177 4401 3522 4478 Hibernia,
3601 4401 3686 4466 ad
3709 4405 3764 4454 A
3781 4407 3970 4456 Parlia-

1588 4503 1763 4588 quod
1802 4509 2249 4568 convenerunt
2274 4509 2437 4588 ,tam
2480 4503 2639 4590 ligei
2686 4503 2790 4566 sui
2821 4525 3020 4588 quam
3061 4503 3164 4566 illi
3203 4503 3320 4588 qui
3365 4503 3684 4568 submise-
3707 4473 4000 4590 &eff-effi}

1586 4611 1743 4668 runt
1788 4627 1855 4668 se
1900 4605 2125 4670 eidem.

1672 4707 1923 4770 Eodem
1982 4711 2289 4794 tempore,
2350 4711 2501 4792 post
2566 4707 2858 4770 Octavas
2925 4707 3332 4794 Epiphaniae,
3405 4709 3680 4774 vocante

1588 4809 1871 4874 Custode
1914 4809 2105 4896 regni
2134 4809 2419 4896 Angliae,
2458 4809 2745 4872 Domino
2776 4809 3152 4890 Edmundo,
3185 4809 3384 4896 Regis
3421 4815 3680 4896 patr-uc,

1582 4911 1763 4976 Duce
1796 4911 1823 4948 ⁰
1842 4911 2137 4988 Eboraci,
2174 4911 2419 4976 factum
2452 4915 2553 4976 est
2582 4911 3106 4976 Parliamentum
3139 4911 3502 4976 Londoniis
3525 4935 3542 4992 ;
3591 4911 3678 4974 ad
3705 4917 4012 4968 Parliament

1582 5013 1755 5096 quod
1800 5013 2083 5090 accessit,
2128 5013 2367 5076 missus
2414 5013 2493 5076 de
2540 5013 2886 5090 Hibernia,
2933 5013 3096 5076 Dux
3129 5011 3516 5090 Gloverniae,
3543 5011 3678 5094 ‚qui
3705 4995 3756 5034 ³¹²
3777 4985 4008 5034 London.

1582 5135 1795 5178 coram
1860 5115 2115 5178 cunctis
2182 5115 2491 5200 exposuit
2556 5115 2755 5202 Regis
2819 5113 3292 5192 necessitatem,
3353 5115 3468 5196 qui
3533 5111 3678 5196 jam

1580 5217 1973 5280 exhauserat
2046 5215 2339 5280 thesauri
2406 5217 2509 5280 sui
2572 5215 2749 5280 inter
2813 5215 3210 5280 Hibernicos
3275 5211 3674 5278 facultatem.

1582 5317 1783 5402 Cujus
1832 5317 2075 5404 legatio
2120 5321 2387 5382 tantum
2440 5319 2673 5396 valuit,
2730 5323 2808 5382 ut
2869 5319 3078 5384 clerus
3131 5317 3452 5382 decimam
3507 5313 3676 5400 Regi
3703 5319 3868 5370 Grant

1578 5421 1977 5496 concederet,
2012 5423 2079 5482 et
2122 5419 2788 5506 quintam-decimam
2831 5419 3018 5504 plebs
3049 5417 3410 5484 communis
3437 5441 3456 5500 3
3499 5417 3674 5480 facta
3695 5391 3948 5518 ffiss‘dffigg

1576 5521 1753 5604 prius
1812 5523 2305 5608 protestatione,
2370 5521 2547 5606 quod
2612 5521 2697 5586 ad
2764 5523 2888 5586 hoc
2951 5521 3438 5586 concedendum
3503 5517 3672 5604 Regi
3695 5519 3774 5570 for
3793 5521 3872 5570 his

1636 5817 1657 5850 1
1680 5811 1805 5862 This
1840 5813 1979 5862 word
2026 5813 2071 5860 is
2118 5829 2241 5878 very
2286 5811 2563 5862 indistinct.
2610 5815 2617 5844 ¹
2734 5815 2755 5842 ³
2776 5811 2834 5862 de
2855 5811 3100 5874 Dymis-yn
3123 5811 3176 5860 in
3201 5811 3448 5862 Faustina
3467 5811 3530 5860 B.
3553 5811 3626 5862 ix.

1572 5879 1681 5938 'l‘he
1696 5907 1869 5940 names
1890 5889 2011 5940 here
2032 5891 2187 5954 given
2210 5905 2295 5940 are
2318 5891 2567 5954 anything
2608 5851 2617 5936 ἔ
2736 5893 2755 5922 ‘¹
2778 5889 2940 5952 Araly
2961 5891 3016 5938 in
3037 5889 3284 5940 Faustina
3303 5891 3366 5940 Β.
3389 5891 3460 5942 ix.

1570 5967 1657 6016 but
1672 5967 1891 6018 reliable.
2728 5971 2749 6000 ⁵
2770 5985 2878 6034 quae
2897 5969 3010 6032 jam
3031 5985 3128 6034 per
3149 5969 3202 6018 in
3225 5969 3468 6020 Faustina
3487 5969 3550 6018 B.
3575 5969 3646 6022 ix.

1632 6047 1653 6076 ²
1674 6045 1987 6096 Makmourlz’
2008 6047 2065 6094 in
2086 6045 2331 6096 Faustina
2350 6045 2413 6096 B.
2436 6045 2507 6096 ix.
2724 6051 2745 6078 θ
2770 6047 2940 6096 boram*
2957 6047 3014 6094 in
3037 6047 3162 6108 orig.
