5559 8242
2308 2081 2519 2134 menn
2562 2085 2655 2132 DE
2702 2083 3322 2134 BENEerTomBUS.
3709 2073 3844 2136 4312

1748 2291 1901 2356 ergo
1962 2271 2047 2334 ad.
2104 2271 2417 2336 honorem
2478 2269 2607 2334 Dei
2668 2275 2733 2334 et
2805 2269 2998 2334 Beati
3061 2269 3242 2334 Petri
3309 2269 3666 2350 denarium,
3727 2271 3844 2354 qui

1750 2371 1993 2438 dicitur
2056 2379 2095 2406 “
2116 2371 2347 2436 Sancti
2404 2373 2589 2436 Petri
2602 2369 2631 2398 '³
2694 2373 2824 2438 hiis
2885 2373 3134 2450 diebus,
3185 2371 3264 2436 de
3321 2371 3610 2436 maxima
3655 2375 3842 2460 parte

1750 2475 1935 2560 regni
1974 2475 2095 2554 sui,
2140 2475 2227 2538 ad.
2272 2475 2779 2540 sustentandum
2821 2475 3106 2538 scholam
3153 2473 3642 2562 peregrinorum
3699 2473 3840 2538 An-

1748 2577 1915 2664 gliae,
1964 2577 2071 2640 vel
2118 2577 2391 2640 aliarum
2436 2577 2783 2642 nationum
2847 2577 3002 2642 illuc
3047 2577 3536 2654 confluentium,
3583 2575 3700 2640 ubi
3743 2577 3842 2640 hii

1748 2679 1863 2764 qui
1926 2680 2035 2744 vel
2098 2679 2409 2744 orationis
2470 2681 2701 2764 gratia,
2762 2681 2872 2744 vel
2933 2679 3488 2766 expediendorum
3545 2679 3838 2764 negotio-

1746 2805 1895 2844 rum
1942 2801 2149 2860 causa,
2204 2787 2537 2858 venerant,
2586 2781 2894 2846 audirent
2953 2787 3022 2846 et
3083 2781 3492 2846 addiscerent
3541 2781 3836 2868 linguam

1746 2905 1943 2968 quam
1986 2905 2123 2946 non
2174 2887 2515 2948 noverant.
2608 2881 2894 2946 Censum
2957 2905 3112 2948 vero
3177 2887 3394 2948 totum
3451 2883 3836 2970 provenien·

1744 2993 1879 3050 tem
1942 3005 2027 3048 ex
2092 2985 2283 3050 terris
2338 3007 2499 3070 quas
2570 2983 2816 3050 Sancto
2875 2985 3140 3050 Albano
3193 2986 3576 3064 contulerat,
3623 2985 3836 3048 eidem

1746 3087 2031 3170 Martyri
2074 3085 2455 3170 assignavit,
2516 3091 2595 3150 ut
2656 3087 2910 3150 cunctis
2971 3087 3380 3174 temporibus
3441 3087 3546 3150 die
3605 3085 3836 3150 Sancti

1744 3187 1923 3252 Petri
1970 3209 2117 3272 quae
2162 3187 2407 3252 dicitur
2454 3195 2487 3220 “
2510 3187 2619 3250 Ad
2668 3185 3008 3268 Vincula,”
3055 3189 3434 3252 solveretur.

1828 3289 1999 3354 Haec
2058 3293 2281 3354 autem
2348 3293 2503 3354 sunt
2566 3287 2834 3354 nomina
2883 3291 3174 3354 locorum
3223 3289 3242 3324 ¹
3269 3311 3428 3376 quos
3491 3291 3638 3354 Rex
3683 3289 3834 3354 Offa

1742 3391 2025 3456 contulit
2068 3393 2221 3456 huic
2264 3391 2515 3456 loco-—

1832 3493 2327 3570 Edelmentuna,
2376 3493 2759 3572 Wittleseia,
2797 3493 3144 3578 CaegeshO,
3175 3493 3562 3570 Berethend,
3611 3495 3834 3578 Ryke*

1740 3597 2221 3672 maresworthe,
2256 3597 2743 3672 Bacheworthe,
2780 3595 3156 3678 Orokcleye,
3195 3595 3580 3674 Michelfeld,
3621 3597 3832 3660 Brite-

1742 3697 1941 3774 welle,
1978 3693 2301 3776 Watford,
2338 3695 2647 3776 Ottincb’,
2700 3697 2990 3780 Bisseye,
3039 3693 3344 3774 Merdele,
3393 3697 3830 3774 Haldenham,

1742 3799 1947 3876 Saret,
2014 3797 2341 3874 Enefelde,
2408 3797 2769 3876 Staninere,
2839 3797 3302 3874 Henamstede,
3351 3797 3828 3880 Wyveshlawe,

1740 3901 2247 3986 Bisshopescote,
2308 3899 2717 3980 Cedendone,
2766 3899 3194 3976 Mildentone,
3241 3903 3308 3964 et
3351 3899 3626 3964 aliarum
3671 3901 3830 3964 dua-

1736 4023 1885 4066 rum
1926 4001 2253 4078 villarum,
2302 3999 2567 4078 scilicet,
2600 4001 2906 4066 Birstone
2953 4005 3020 4066 et
3051 3999 3476 4180 Wyanld'
3525 4007 3602 4066 ut
3643 4007 3830 4086 patet

1734 4127 1851 4190 per
1896 4105 2195 4170 chartam
2242 4103 2633 4168 Etheldredi
2682 4101 2892 4190 Regis.
3377 4181 3386 4192 Χ

1822 4205 2137 4292 ngridus
2200 4209 2363 4284 Rex,
2424 4207 2697 4292 gloriosi
2742 4205 2940 4290 Regis
2989 4205 3152 4270 Offae
3211 4207 3386 4270 filius
3449 4207 3824 4290 patrissans,

1736 4309 1943 4392 patris
1990 4329 2235 4394 augens
2280 4307 2609 4384 beneficia,
2644 4309 2940 4372 contulit.
2965 4307 3272 4374 Ecclesiae
3305 4309 3532 4374 Sancti
3563 4309 3824 4386 Albani,

1732 4409 1945 4494 primo
1990 4431 2167 4474 anno
2210 4411 2397 4496 regni
2442 4409 2561 4486 sui,
2608 4413 2854 4474 terram
2915 4409 3200 4496 quinque
3249 4411 3688 4476 maneriorum
3749 4413 3822 4474 in

1732 4513 1875 4578 loco
1918 4513 2093 4578 dicto
2146 4517 2179 4546 “
2202 4509 2613 4596 Pynesfeld,''
2660 4533 2810 4578 cum
2861 4511 3162 4578 terminis
3225 4511 3358 4578 suis
3403 4515 3704 4600 antiquis,
3755 4517 3824 4578 et

1732 4615 2097 4680 manerium
2144 4613 2225 4678 de
2278 4613 2689 4702 Sandrugge,
2722 4619 2792 4680 et
2841 4615 3224 4700 Tyresfeld3
3281 4617 3664 4702 chartasque
3707 4637 3822 4702 pa-

1732 4717 1855 4782 tris
1884 4719 1985 4782 sui
2022 4717 2303 4802 benigne
2334 4737 2483 4780 cum
2522 4737 2639 4780 sua
2670 4739 2898 4782 serena
2939 4717 3342 4782 concessione
3389 4717 3818 4792 confirmavit,

1728 4841 1849 4904 pro
1894 4819 2389 4888 confirmatione
2434 4819 2623 4904 regni
2666 4817 2786 4896 sui,
2819 4823 2886 4884 et
2931 4841 3050 4884 sua
3089 4819 3536 4904 prosperitate,
3567 4839 3820 4882 necnon

1730 4941 1849 5004 pro
1902 4919 2113 4986 salute
2164 4925 2479 5004 paternae,
2548 4941 2830 5006 suaeque,
2895 4921 3150 4998 animae,
3215 4925 3284 4984 et
3341 4923 3818 4984 antecessorum

1728 5043 2009 5100 suorum,
2058 5021 2411 5088 Ecclesiam
2472 5043 2659 5086 suam
2728 5043 2846 5108 per
2905 5023 3128 5092 omnia
3191 5021 3536 5086 salubriter
3603 5025 3818 5106 prote-

1728 5127 1959 5210 gendo,

1816 5227 1843 5262 2
1874 5225 2317 5304 Kenewulfus,
2392 5225 2814 5304 Oeolwulqu,
2879 5226 3332 5310 Reynulphus,
3397 5225 3814 5300 LudokanUS,

1726 5329 2091 5414 Wyglafus,
2154 5327 2509 5404 Bertulfus,
2574 5327 2896 5404 BerserUS,
2963 5325 3346 5404 Burtredus,
3401 5325 3812 5402 Athelreclus,

1720 5431 2047 5508 Alfredus,
2104 5429 2485 5506 EdwarduS,
2538 5429 2990 5508 Athelstanus,
3045 5427 3448 5508 Edmundus,
3497 5427 3810 5506 EdredUS,

1726 5531 2083 5616 EdwynUS,
2130 5533 2449 5618 Edgarus,
2500 5529 2884 5594 Edwardus.

1812 5633 2199 5698 Ethelredus
2244 5635 2389 5698 Rex
2440 5633 2697 5698 chartas
2744 5637 2814 5698 et
2861 5633 3032 5696 dona
3077 5631 3614 5716 praedecessorum
3665 5653 3812 5696 suo-

1724 5757 1889 5812 rum,
1954 5735 2143 5800 nobis
2210 5735 2415 5812 datas,
2484 5735 2850 5812 innovavit,
2905 5739 2972 5800 et
3035 5735 3410 5798 renovando
3473 5733 3812 5798 confirma-

1786 5931 1807 5960 1
1830 5945 1935 5992 quoe
1956 5927 2013 5976 in
2034 5925 2161 5992 orig.
2809 5927 3062 5992 Mai-gina]
3099 5933 3232 5988 note,
3267 5929 3324 5978 in
3361 5943 3426 5978 an
3479 5927 3656 5980 almost
3687 5943 3808 5978 con-

1786 6009 1805 6038 2
1840 6007 2059 6058 Nomina
2106 6023 2423 6060 successorum
2464 6007 2653 6074 teor-um.
2674 6033 2739 6046 --
2807 6011 3092 6074 tempora-ry
3113 6007 3260 6060 hand.
