5559 8242
2253 2071 2426 2118 orus
2471 2067 2991 2118 CHRONICORUM.
3062 2043 3069 2050 ’
3536 2067 3539 2070 ·
3578 2055 3657 2114 23

1569 2277 1718 2318 mus
1747 2253 2238 2330 te1tius,--cum
2283 2253 2492 2338 igitur
2537 2253 2825 2316 Domino
2872 2251 3053 2336 Regi,
3100 2251 3387 2316 Henrico
3418 2251 3655 2328 TertiO,
3680 2259 3819 2308 ΑΒ.
3848 2265 3989 2310 1265.

1569 2357 1650 2420 de
1681 2354 1850 2418 bello
1883 2361 1948 2418 et
1979 2355 2058 2420 de
2089 2355 2476 2418 adversariis
2507 2355 2642 2418 suis
2673 2353 2953 2418 victoria
3002 2353 3313 2430 cessisset,
3348 2375 3655 2418 convoca-
3678 2343 3975 2460 ἓθξῗῑὲἑζ-

1571 2457 1676 2520 vit
1697 2475 1928 2540 ,omnes
1957 2457 2144 2540 regni
2175 2477 2470 2540 proceres
2501 2457 2676 2538 apud
2709 2455 3183 2520 Wincestriam.
3278 2453 3385 2516 Ibi
3432 2455 3651 2518 tenuit
3678 2479 3859 2526 moned
3880 2485 3931 2526 at

1567 2557 1850 2622 solemne
1897 2557 2426 2624 Parleamentum
2471 2577 2684 2634 suum,
2741 2553 3011 2618 consilio
3060 2577 3285 2622 eorum
3334 2559 3653 2620 tractatu·
3676 2539 3945 2654 Kinehes«

1563 2679 1694 2736 1118,
1717 2657 1886 2744 1111111
1931 2657 2012 2724 de
2057 2659 2190 2722 illis
2233 2659 2492 2736 faceret,
2537 2655 2650 2744 qui
2695 2655 2797 2720 illi
2842 2659 3113 2722 dextras
3162 2655 3507 2736 dederunt,
3538 2657 3651 2742 qui
3754 2643 3765 2656 ⁸

1565 2781 1756 2844 super
1817 2779 1926 2822 eos
1989 2771 2138 2822 eum
2205 2783 2476 2846 regnare
2521 2757 2895 2838 noluerunt,
2948 2759 3063 2842 qui
3108 2759 3285 2842 capti
3356 2763 3541 2822 erant
3588 2763 3655 2822 et

1563 2859 1686 2922 sub
1733 2859 2030 2922 custodia
2075 2860 2376 2926 carcerali
2417 2859 2716 2946 deputati
2731 2879 3115 2944 3—--quorum
3164 2859 3183 2894 ¹
3206 2861 3651 2944 possessiones,
3694 2939 3697 2942 ἦ

1561 2961 1824 3044 praedia,
1879 2967 1946 3024 et
1989 2961 2312 3048 ‘maneria
2377 2963 2450 3024 in
2507 2983 2712 3026 manu
2765 2959 2961 3048 Regis
3014 2969 3205 3046 capta
3266 2967 3451 3028 erant
3476 2969 3653 3042 3——-›et

1561 3061 1724 3144 quid
1751 3061 1850 3142 de
1893 3063 2046 3126 filiis
2095 3061 2372 3152 Comitis
2417 3063 2787 3128 Leicestriae
2826 3061 3153 3148 agendum
3200 3071 3385 3130 esset.
3480 3063 3649 3128 Con·
3674 3085 3927 3134 Measures

1561 3163 1810 3228 vocatis
1875 3165 2096 3248 itaque
2157 3165 2544 3250 proceribus,
2623 3187 2766 3226 cum
2844 3165 2913 3228 id
2966 3163 3343 3246 judicatum
3418 3165 3649 3228 fuisset
3674 3153 3843 3268 {algffis
3846 3227 3867 3268 t
3896 3219 3977 3266 the

1559 3287 1776 3330 coram
1845 3267 1952 3344 eis,
2003 3287 2336 3332 assensum
2395 3267 2821 3352 praebuerunt
2884 3265 2909 3300 ²
2932 3267 3171 3346 cuncti,
3232 3271 3311 3330 ut
3372 3267 3471 3330 illi
3534 3265 3649 3352 qui
3674 3235 3973 3336 digsaffected.

1559 3367 1846 3432 Domino
1879 3369 2046 3454 Regi
2089 3369 2408 3454 impetum
2453 3369 2756 3444 fecerant,
2814 3371 2879 3432 et
2926 3391 3073 3432 eum
3118 3369 3503 3454 impugnare
3546 3367 3649 3432 ni·

1553 3469 1886 3548 tebantur,
1937 3491 2158 3534 eorum
2205 3491 2474 3554 corpora
2535 3473 2602 3532 et
2649 3469 3081 3554 possessiones
3140 3489 3257 3552 pro
3304 3468 3647 3532 voluntate

1557 3567 1832 3632 Domini
1901 3569 2146 3658 Regis,
2177 3573 2384 3634 donec
2445 3569 2772 3652 condigna
2826 3567 3271 3632 satisfactione
3318 3573 3385 3632 et
3426 3567 3647 3632 condi-

1561 3671 1742 3736 tione
1795 3673 2306 3758 adquiescerent,
2353 3691 2614 3754 seseque
2661 3669 2857 3752 regiae
2902 3668 3239 3732 voluntati
3298 3669 3645 3732 submitte-

1551 3779 1720 3852 rent,
1769 3773 2226 3858 tributumque
2273 3770 2550 3858 singulis
2595 3771 2785 3834 annis
2830 3771 2985 3834 fisco
3024 3771 3207 3856 -regio
3258 3771 3643 3848 tribuerent,

1553 3893 1890 3958 quousque
1957 3875 2156 3958 regiae‘
2215 3873 2580 3956 majestatis
2649 3870 2823 3936 laesae
2898 3873 3183 3958 gratiam
3250 3873 3643 3936 invenirent.

1553 3975 1922 4058 A‘dquievit
1987 3973 2310 4038 Dominus
2375 3973 2538 4052 Rex,
2601 3977 2672 4038 et
2735 3995 2961 4036 eorum
3022 3973 3365 4036 consilium
3426 3993 3641 4056 accep·

1553 4075 1746 4138 tavit.

1641 4173 1900 4238 Placuit
1971 4175 2168 4240 etiam
2233 4173 2400 4260 Regi
2447 4183 2516 4238 et
2559 4173 3009 4256 optimatibus,
3060 4181 3141 4236 ut
3192 4173 3315 4236 filii
3364 4173 3639 4236 Comitis
3666 4191 3777 4242 The
3792 4209 3903 4242 sons
3918 4195 3979 4242 of

1507 4349 1522 4362 ·
1551 4275 1922 4340 Leicestriae
1983 4279 2064 4340 ad
2129 4275 2392 4360 propria
2449 4275 2857 4362 repedarent,
2924 4297 3043 4338 nec
3112 4275 3363 4360 copiam
3422 4297 3637 4340 rever·
3662 4259 3979 4374 ῗὲἒέἶέΐοΐ

1547 4377 1734 4442 tendi
1779 4377 2154 4440 obtinerent
2201 4377 2280 4440 de
2327 4383 2576 4440 caetero·
2671 4375 2837 4440 Cum
2868 4381 3089 4440 autem
3122 4377 3443 4440 Dominus
3492 4377 3635 4440 Rex
3662 4405 3745 4466 are
3768 4391 3889 4440 ban-

1547 4477 1880 4542 neminem
1925 4479 2054 4542 sibi
2097 4477 2270 4540 infra
2315 4499 2590 4564 regnum
2639 4497 2829 4540 suum
2874 4477 3173 4566 resistere
3220 4477 3635 4542 animadver-
3660 4457 3817 4506 1shed.

1547 4581 1752 4656 tisset,
1821 4581 1996 4666 leges
2049 4579 2362 4664 pristinas
2429 4577 2859 4656 confirmavit,
2930 4579 3231 4642 stabilem
3294 4599 3519 4662 pacem
3566 4583 3635 4642 et

1431 4703 1450 4724 ⁴
1539 4679 1870 4764 justitiam
1917 4703 2032 4764 per
2073 4685 2292 4746 totum
2329 4701 2606 4766 regnum
2651 4701 2841 4744 suum
2878 4679 3021 4742 fieri
3060 4679 3383 4764 praecepit.
3478 4679 3633 4744 Mit-
3658 4685 3819 4736 Peaee
3842 4703 3917 4736 re·

1545 4783 1732 4846 tebat
1775 4803 1890 4864 per
1933 4780 2246 4844 solemnes
2281 4781 2554 4844 nuncios
2597 4779 2678 4844 de
2723 4779 3059 4844 Comitatu
3098 4779 3171 4842 in
3204 4755 3967 4882 Comitatum‚{'{³1‘]}.r0‘³1{¹gh0ut

1547 4903 1660 4966 per
1727 4880 1986 4944 litteras
2051 4880 2302 4966 regales
2357 4887 2694 4966 patentes,
2747 4889 2827 4944 ut
2892 4881 2945 4944 si
3008 4881 3153 4962 quis
3196 4881 3631 4962 possessiones
3656 4885 3741 4932 the
3766 4899 3919 4934 coun-

1537 4982 1806 5058 alienas,
1855 5003 2042 5046 ovem
2093 4983 2200 5046 vel
2241 4983 2494 5060 bovem,
2559 4999 2672 5046 8611
2731 4981 3003 5064 aliquid,
3068 4981 3285 5044 invito
3350 4983 3627 5060 domino,
3654 4959 3749 5014 try.

1545 5083 1670 5148 sibi
1717 5091 2080 5166 usurparet,
2111 5085 2222 5148 vel
2253 5085 2626 5170 usurpando
2665 5085 2975 5168 abigeret,
3006 5081 3351 5166 capitalem
3382 5081 3631 5148 subiret

1545 5183 1958 5250 sententiam.

1549 5391 1858 5472 Qualiter
1901 5393 2192 5478 quidam
2235 5391 2312 5458 cle
2357 5391 2791 5476 Dunstaplz‘a
2836 5399 3075 5456 contra
3126 5413 3365 5476 pacem
3420 5391 3631 5476 abeyit

1723 5493 2078 5560 duodecim
2123 5493 2300 5558 boves
2339 5493 2702 5592 cujusdam
2753 5493 3057 5560 hominis
3104 5493 3185 5558 de
3238 5491 3449 5560 Oolne.

1631 5627 1812 5712 Rege
1871 5633 2094 5690 autem
2145 5649 2420 5714 regnum
2483 5649 2630 5702 cum
2693 5625 2849 5710 pace
2898 5633 2965 5692 et
3010 5625 3489 5710 tranquillitate
3534 5647 3631 5690 re-
3654 5631 3973 5686 A.D.1269.,

1541 5733 1754 5814 gente,
1821 5749 2080 5792 emensa
2143 5727 2376 5792 deinde
2441 5727 2787 5812 quindena,
2838 5727 3105 5810 quidam
3152 5727 3419 5812 abigens
3474 5727 3629 5790 duo-
3654 5709 3975 5826 ἑὲῐὲξῇξζῇ

1607 5899 1624 5928 ¹
1639 5901 1952 5962 posessiones
1975 5899 2030 5946 in
2051 5899 2176 5960 orig.
2509 5907 2514 5912 “
2627 5897 2871 5946 confused
2896 5897 2997 5946 and
3028 5897 3301 5958 imperfect.

1541 5979 1554 6036 ξ
1609 5977 1630 6006 ²
1649 5979 1790 6024 cunti
1807 5975 1862 6024 in
1887 5975 2012 6038 orig.
2087 5973 2212 6028 This
2251 5981 2488 6024 sentence
2509 5973 2552 6024 is
