5559 8242
1882 2031 2009 2094 264
2420 2045 2737 2094 ANNALES
2780 2043 3068 2094 chARm
3113 2045 3428 2106 summm,

1546 2237 1683 2290 Aa).
1712 2241 1853 2286 1399.
1882 2227 1949 2290 et
2016 2227 2089 2292 in
2146 2249 2459 2314 magnum
2520 2227 3000 2292 incommodum
3067 2229 3274 2292 totius
3347 2231 3550 2316 regni,
3615 2235 3682 2294 et
3745 2225 3962 2314 perni-

1548 2331 1771 2382 Articles
1788 2331 1849 2380 of
1882 2329 2125 2396 ciosum
2176 2329 2565 2418 exemplum.
2660 2331 2751 2394 Et
2813 2335 2890 2394 ut
2953 2353 3144 2416 super
3209 2329 3400 2396 factis
3463 2355 3682 2396 eorum
3743 2329 3966 2416 hujus-

1550 2397 1833 2448 accusation

1550 2465 1747 2528 against

1552 2531 1695 2596 King

1550 2599 1789 2648 Richard.

1880 2433 2059 2498 modi
2074 2431 2081 2434 ’⁴
2134 2433 2479 2518 aliqualem
2554 2433 2830 2498 colorem
2907 2439 2974 2496 et
3047 2435 3510 2498 auctoritatem
3583 2433 3966 2498 viderentur

1884 2535 2135 2614 habere,
2206 2537 2353 2600 Rex
2416 2537 2573 2602 fecit
2632 2535 2912 2600 Rotulos
2961 2535 3386 2600 Parliamenti
3451 2557 3568 2622 pro
3629 2541 3786 2600 voto
3851 2557 3964 2598 suo

1882 2637 2129 2702 mutari
2172 2643 2237 2702 et
2282 2639 2501 2714 deleri,
2544 2643 2767 2702 contra
2809 2637 3110 2702 effectum
3151 2637 3578 2702 concessionis
3621 2637 3962 2722 praedictae.

1974 2739 2161 2814 Item,
2210 2759 2345 2802 non
2392 2739 2693 2804 obstante
2740 2739 2916 2822 quod
2961 2739 3176 2804 dictus
3223 2739 3370 2802 Rex
3415 2739 3484 2802 in
3533 2739 3966 2802 Coronatione

1886 2863 2001 2906 sua
2050 2841 2389 2924 juraverit,
2452 2841 2625 2924 quod
2684 2841 2826 2904 fieri
2899 2841 3136 2904 faceret
3205 2841 3276 2904 in
3343 2840 3648 2904 omnibus
3701 2839 3966 2924 judiciis

1886 2943 2019 3006 suis
2076 2961 2331 3024 aequam
2406 2949 2471 3006 et
2544 2947 2788 3006 rectam
2855 2941 3202 3026 justitiam,
3269 2949 3336 3006 et
3401 2941 3852 3008 discretionem
3895 2943 3968 3006 in

1888 3041 2327 3108 misericordia
2380 3043 2447 3106 et
2508 3041 2806 3120 veritate,
2867 3045 3218 3106 secundum
3287 3043 3458 3108 vires
3525 3063 3690 3120 suast,
3755 3043 3970 3108 dictus

1888 3149 2109 3210 tamen
2158 3145 2317 3222 Rex,
2366 3144 2611 3228 absque
2674 3141 2852 3208 omni
2917 3143 3372 3222 misericordia,
3437 3147 3734 3230 rigorose,
3795 3145 3972 3210 inter

1892 3253 2141 3324 caetera,
2188 3245 2425 3310 statuit
2474 3247 2559 3332 et}
2590 3245 2938 3324 ordinavit,
2983 3245 3104 3310 sub
3151 3247 3364 3332 poenis
3425 3247 3754 3330 gravibuS,
3797 3247 3972 3330 quod

1890 3371 2007 3434 pro
2076 3349 2377 3426 HenricO,
2452 3349 2633 3412 Duce
2696 3347 3110 3426 Lancastriae,
3181 3351 3488 3432 relegatO,
3563 3371 3680 3432 pro
3755 3349 3974 3432 aliqua

1888 3449 2103 3534 gratia
2170 3449 2293 3514 sibi
2354 3449 2669 3528 facienda,
2728 3449 2948 3514 nullus
3005 3453 3284 3536 rogaret,
3345 3453 3464 3512 aut
3527 3449 3974 3528 intercederet,

1894 3551 2069 3636 apud
2132 3555 2409 3618 eundem
2458 3555 2745 3638 Regem3
2805 3551 2876 3614 in
2939 3573 3068 3636 quo
3117 3553 3292 3616 facto
3335 3551 3512 3618 idem
3559 3553 3706 3618 Rex
3749 3559 3976 3618 contra

1892 3651 2181 3720 caritatis
2240 3653 2577 3720 vinculum
2638 3654 3048 3738 operabatur,
3083 3655 3532 3740 juramentum
3587 3655 3974 3738 praedictum

1892 3763 2135 3822 temere
2176 3757 2497 3820 violando,

1982 3857 2171 3932 Item,
2220 3857 2515 3940 quamvis
2560 3879 2800 3922 corona
2843 3859 3030 3944 regni
3077 3857 3354 3942 Angliae,
3389 3863 3454 3922 et
3491 3857 3644 3942 jura
3691 3855 3976 3940 ejusdem

1894 3983 2161 4038 coronae,
2228 3959 2567 4044 ipsumque
2640 3981 2936 4046 regnum,
2981 3959 3226 4024 fuerint
3295 3957 3378 4024 ab
3443 3957 3620 4022 omni
3687 3965 3976 4046 tempore

1892 4067 2211 4128 retroacto
2258 4063 2417 4128 adeo
2462 4063 2683 4140 libera,
2716 4061 2892 4146 quod
2939 4061 3260 4126 Dominus
3309 4061 3614 4126 Summus
3651 4059 3974 4140 Pontifex,

1892 4185 2009 4230 nec
2054 4163 2287 4248 aliquis
2336 4165 2503 4228 alius
2564 4169 2751 4228 extra
2811 4185 3100 4248 regnum,
3147 4185 3212 4228 se
3257 4163 3698 4228 intromittere
3743 4163 3976 4228 debeat

1894 4267 1973 4330 de
2048 4267 2329 4342 eisdem3
2406 4269 2631 4328 tamen
2706 4267 3020 4350 praefatus
3097 4263 3258 4340 Rex,
3333 4265 3418 4328 ad
3497 4263 3974 4328 roborationem

1894 4371 2289 4432 statutorum
2356 4389 2619 4430 suorum
2696 4389 3126 4446 erroneorum,
3217 4365 3606 4452 supplicavit
3691 4367 3976 4430 Domino

1896 4467 2111 4552 Papae,
2158 4467 2331 4552 quod
2380 4467 2651 4532 Statuta
2710 4469 2777 4530 in
2843 4469 3074 4534 ultimo
3139 4469 3576 4534 Parliamento
3637 4491 3752 4532 suo
3799 4469 3980 4534 edita

1894 4571 2341 4650 confirmaret3
2396 4593 2587 4656 super
2632 4593 2759 4656 quo
2807 4567 2828 4604 ¹
2851 4571 3062 4636 dictas
3103 4571 3358 4636 litteras
3403 4571 3812 4656 Apostolicas
3857 4571 3978 4634 im-

1894 4671 2199 4758 petravit,
2260 4671 2331 4736 in
2378 4671 2613 4756 quibus
2674 4695 2908 4758 graves
2955 4693 3240 4738 censurae
3287 4675 3710 4760 proferuntur
3753 4679 3980 4736 contra

1898 4793 2309 4860 quoscunque
2364 4773 2477 4856 qui
2536 4773 2729 4838 dictis
2791 4773 3078 4838 Statutis
3137 4775 3208 4838 in
3269 4773 3486 4860 aliquo
3531 4773 3980 4838 contravenire
4263 4845 4266 4856 ἶ

1898 4877 2441 4962 praesumpserint.
2534 4877 2719 4956 Quae,
2744 4877 2964 4940 omnia
3007 4881 3234 4940 contra
3265 4899 3584 4952 coronam,
3617 4883 3684 4940 et
3713 4877 3736 4912 2
3757 4883 3986 4940 contra
4263 4875 4266 4960 ξ

1900 4977 2291 5064 dignitatem
2338 4979 2601 5064 regiam,
2634 5001 2709 5040 ac
2756 4983 2986 5042 contra
3027 4981 3284 5042 statuta
3329 4981 3396 5044 et
3441 4977 3778 5042 libertates
3823 4977 3982 5042 dicti

1900 5081 2101 5166 regni,
2148 5079 2413 5146 tendere
2460 5079 2906 5144 dinoscuntur.

1990 5183 2179 5262 Item,
2208 5183 2361 5248 licet
2410 5181 2733 5248 Dominus
2780 5181 3118 5258 HenriOUS‚
3153 5205 3326 5246 nunc
3369 5183 3528 5248 Dux
3571 5181 3984 5260 Lancastriae,

1904 5283 2131 5350 binam
2188 5307 2391 5364 suam,
2440 5291 2691 5350 statum
2736 5289 2802 5350 et
2851 5285 3158 5352 honorem
3221 5285 3416 5370 Regis
3477 5289 3984 5362 concernentem,

1904 5387 1985 5452 ad
2054 5389 2255 5472 ipsius
2324 5389 2521 5474 Regis
2588 5387 2990 5466 mandatum,
3059 5389 3286 5452 contra
3353 5389 3672 5452 'rhomam
3735 5389 3986 5454 Ducem

1906 5489 2375 5554 Northfolchiae
2434 5489 2892 5576 proposuisset,
2945 5497 3010 5554 et
3075 5511 3216 5554 eam
3275 5491 3504 5554 fuisset
3567 5491 3788 5554 debite
3847 5513 3990 5576 pro-

1916 5673 1957 5682 h..

2478 5675 2685 5682 ...κῃ-ξ..-
2688 5675 2990 5682 ...-......———-·—-—.—.

1974 5793 1989 5820 ¹
2014 5791 2171 5838 dictus
2192 5789 2305 5840 Rex
2338 5787 2539 5850 litteras,
2574 5791 2629 5840 in
2662 5791 2906 5840 Faustina
2941 5799 2950 5850 Ι
3059 5793 3078 5820 2
3101 5789 3324 5838 Omitted
3357 5789 3410 5838 in
3445 5787 3688 5840 Faustina
3709 5793 3768 5840 B.
3793 5789 3862 5840 ix.
3889 5793 3988 5842 and

1908 5871 1969 5918 Β.
2006 5869 2115 5928 ix.;
2174 5869 2389 5918 dominus
2444 5871 2557 5920 Rea·
2596 5869 2796 5928 ἰίέεενας,
2849 5871 2900 5918 in
2993 5871 3290 5934 Twysden's
3313 5873 3436 5918 text.

1912 5949 2205 6016 Twysdcn’s
2230 5955 2353 6000 text.
