5559 8242
2480 2097 2808 2150 ANNALES.
3591 2091 3680 2154 93

1598 2287 1881 2364 vocavit,
1912 2286 2295 2372 praecipiens
2324 2285 2731 2374 generaliter,
2770 2289 2852 2348 ut
2881 2285 3330 2374 unusquisque
3359 2285 3536 2352 bona
3563 2307 3684 2352 sua

1598 2391 1857 2456 venalia
1902 2391 2155 2454 meliori
2200 2389 2341 2454 foro
2386 2411 2513 2474 quo
2562 2393 2777 2474 posset
2825 2389 3196 2454 venditioni
3241 2395 3614 2474 exponeret.

1674 2493 1885 2558 Dicta
1916 2493 2179 2578 quidem
2212 2493 2475 2580 caristia
2502 2513 2723 2556 mense
2768 2491 2968 2566 Maio,
3017 2511 3194 2554 anno
3225 2491 3500 2556 Domini
3521 2493 3678 2554 mil·
3705 2505 3942 2556 Acoount
3961 2509 4026 2556 of

1590 2595 1817 2658 lesimo
1848 2593 2307 2658 trecentesimo
2350 2595 2886 2678 quinto-decime,
2931 2595 3194 2680 incepit,
3227 2601 3296 2658 et
3341 2617 3546 2680 usque
3593 2595 3680 2658 ad
3701 2573 3996 2700 {apog-earth

1586 2697 1825 2760 festum
1858 2697 1927 2760 N
1928 2697 2257 2760 ativitatis
2304 2697 2527 2760 Beatae
2576 2697 2804 2762 Mariae
2837 2697 3120 2762 duravit.
3213 2697 3470 2762 Pluviae
3501 2697 3674 2762 enim
3709 2709 3878 2772 1315).

1586 2799 1911 2866 aestivales
1954 2801 2027 2864 in
2072 2805 2337 2866 tantum
2380 2799 2832 2880 abundabant,
2879 2801 3056 2886 quod
3095 2799 3316 2886 fruges
3355 2803 3674 2866 matures-

1584 2923 1723 2964 cere
1756 2925 1891 2966 non
1918 2909 2239 2988 poterant.
2334 2901 2467 2988 Sed
2494 2903 2611 2966 vix
2640 2903 2723 2966 ad
2754 2905 3002 2968 dictam
3051 2903 3224 2966 diem
3269 2901 3338 2964 N
3339 2901 3674 2968 ativitatis

1582 3027 1699 3090 pro
1746 3027 1913 3090 pane
1960 3005 2295 3092 coquendo
2344 3005 2563 3090 colligi
2606 3009 2934 3090 poterant,
2973 3003 3104 3070 nisi
3135 3005 3318 3092 prius
3347 3005 3432 3068 ad
3463 3005 3668 3070 desic-

1582 3107 1863 3170 candum
1896 3107 1967 3168 in
2000 3109 2289 3172 clibanos
2320 3107 2757 3194 mitterentur.
2835 3107 3080 3172 Versus
3113 3109 3312 3170 finem
3341 3109 3668 3186 autumni,

1576 3207 1719 3292 ipsa
1764 3209 2029 3272 caristia
2072 3209 2147 3272 in
2188 3215 2375 3294 parte
2420 3209 2635 3272 fuerat
2682 3207 3010 3294 mitigata,
3065 3209 3180 3274 sed
3223 3211 3392 3274 circa
3421 3209 3668 3274 festum
3761 3279 3766 3286 ¹

1578 3309 1841 3374 Natalis
1890 3309 2159 3374 Domini
2218 3311 2515 3374 totaliter
2572 3311 2850 3374 redibat.
2941 3311 3084 3376 Nec
3129 3311 3420 3376 habebat
3479 3311 3666 3396 panis

1574 3413 1777 3476 robur
1848 3411 2269 3492 nutritivum,
2350 3435 2465 3478 seu
2536 3411 2862 3478 virtutem
2921 3413 3428 3478 substantialem
3485 3435 3664 3476 more

1574 3513 1767 3580 solito
1822 3513 1893 3576 in
1942 3537 2027 3592 se,
2074 3537 2191 3600 pro
2250 3537 2323 3580 eo
2374 3515 2549 3600 quod
2614 3535 2822 3600 grana
2867 3537 2908 3578 a
2953 3515 3160 3578 calore
3229 3515 3382 3580 solis
3449 3515 3664 3580 aestivi

1572 3617 2051 3680 nutrimentum
2096 3639 2231 3682 non
2274 3617 2623 3682 habebant.
2714 3617 2912 3680 Unde
2957 3617 3368 3682 comedentes
3427 3639 3512 3680 ex
3563 3641 3658 3696 ec,
3731 3691 3734 3694 ⁴

1568 3719 1723 3782 licet
1754 3739 2063 3804 magnum
2098 3717 2335 3782 exinde
2364 3723 2697 3782 sumerent
2728 3719 3188 3800 quantitatem,
3219 3717 3410 3782 breui
3443 3719 3660 3802 elapso

1566 3821 1919 3886 intervallo
1962 3819 2243 3884 famelici
2286 3821 2731 3884 rema-nebant.
2827 3819 2970 3884 Nec
3023 3825 3124 3882 est
3173 3819 3654 3904 ambigendum,

1564 3923 1727 4008 quin
1770 3943 2087 4008 pauperes
2128 3921 2301 3986 fame
2350 3927 2417 3986 et
2460 3921 2683 3984 inedia
2728 3921 3282 3998 contabescerent,
3327 3920 3384 3984 si
3415 3921 3658 3984 divites

1562 4029 1713 4110 post
1758 4023 2139 4090 refectiones
2186 4025 2529 4108 opulentas
2574 4023 2890 4088 continuo
2939 4023 3280 4088 esurirent.

1656 4125 2057 4212 Hujusmodi
2126 4125 2335 4212 igitur
2386 4127 2559 4190 fame
2608 4127 3030 4212 praevalente,
3101 4131 3242 4190 tam
3311 4119 3650 4212 magnates
3677 4143 3796 4194 Evil
3817 4147 3986 4198 effeets

1562 4251 1759 4314 quam
1818 4229 2107 4314 religiosi
2166 4229 2377 4294 curias
2432 4251 2583 4294 suas
2626 4227 3132 4316 restringebant,
3197 4229 3426 4292 solitas
3485 4229 3648 4292 elec·
3677 4211 3850 4328 ἓξὲξ]

1558 4353 1863 4416 mosynas
1910 4331 2401 4408 subtrahebant,
2432 4331 2715 4396 familias
2752 4353 2904 4396 suas
2953 4331 3352 4394 minuebant.
3449 4329 3648 4396 Unde
3855 4319 3866 4332 ’

1556 4435 1655 4500 illi
1690 4457 1731 4498 a
1776 4433 1969 4498 curiis
2014 4435 2105 4498 sic
2152 4433 2373 4510 amoti,
2406 4433 2619 4498 vitam
2664 4433 3010 4498 delicatam
3057 4433 3290 4500 ducere
3335 4433 3646 4512 consueti,

1558 4533 1815 4602 1fodere
1882 4535 2275 4610 nesciebant,
2338 4537 2709 4600 mendicare
2801 4537 3288 4614 erubescebant,
3367 4537 3664 4622 penurias

1552 4641 1773 4702 tamen
1818 4637 1947 4702 cibi
1994 4643 2059 4700 et
2104 4643 2299 4724 potus
2346 4637 2591 4702 devicti
2622 4639 2794 4700 bona
2823 4639 3038 4700 aliena
3069 4639 3398 4714 sitiebant,
3449 4637 3644 4702 caedi-

1552 4739 1673 4802 bus
1720 4753 1787 4804 et
1830 4737 2079 4824 rapinis
2124 4739 2557 4804 intendentes,
2648 4739 2775 4804 Tot
2821 4745 3046 4804 autem
3095 4741 3308 4804 effecti
3353 4747 3510 4804 sunt
3539 4741 3642 4804 in-

1548 4827 1789 4918 fidel'eS,
1850 4843 2023 4926 quod
2066 4843 2137 4906 in
2182 4863 2337 4928 pace
2380 4843 2605 4908 vivere
2648 4863 2786 4906 non
2831 4843 3268 4928 permiserunt
3313 4841 3556 4910 fideles,

1636 4943 1983 5028 Angustiis
2028 4943 2237 5030 igitur
2280 4951 2349 5008 et
2394 4943 2671 5010 miseriis
2716 4943 3070 5028 praemissis
3101 4947 3170 5006 et
3199 4943 3444 5008 futuris
3487 4965 3638 5008 con-

1546 5047 1847 5110 sideratis
1920 5051 1991 5110 et
2064 5047 2435 5126 intellectiS,
2528 5047 2695 5110 illud
2766 5047 3224 5134 propheticum
3311 5047 3490 5130 quod
3559 5049 3634 5110 in

1544 5147 1569 5184 2
1588 5149 1633 5212 J
1636 5149 1875 5214 cremia
1936 5149 2329 5228 dicitur,--“
2358 5149 2433 5214 Si
2480 5171 2769 5234 egressus
2815 5147 3000 5214 fuero
3047 5151 3134 5214 ad
3179 5169 3384 5236 agros,
3449 5153 3632 5214 ecce!

1544 5259 1577 5284 “
1624 5251 1813 5316 occisi
1858 5251 2125 5338 gladi03
2186 5257 2251 5316 et
2296 5251 2355 5314 si
2398 5251 2711 5316 introiero
2754 5253 2830 5314 in
2873 5253 3234 5328 civitatem,
3299 5253 3482 5314 ecce!
3531 5255 3636 5314 at-

1544 5361 1577 5388 “
1620 5353 1875 5416 tenuati
1940 5351 2275 5430 fame,''—-
2294 5353 2365 5416 in
2410 5353 2649 5436 populo
2696 5353 3066 5436 Anglicano
3113 5353 3458 5438 adimpleri
3483 5353 3630 5436 ‘hiis

1540 5453 1769 5518 diebus
1834 5475 2095 5518 cernere
2146 5453 2525 5540 poterimuS,
2586 5453 2669 5516 ad
2730 5475 2918 5540 agros
2981 5453 3410 5538 egredientes,
3477 5475 3626 5516 cum

1534 5559 1791 5622 ruinam
1836 5557 2055 5642 gentis
2100 5559 2345 5622 nostrae
2388 5555 2459 5620 in
2506 5553 2727 5620 Scotia
2770 5561 2840 5620 et
2887 5555 3230 5634 Vasconia,
3283 5555 3528 5620 Wallia
3557 5561 3624 5620 et

1534 5655 1873 5736 Hibernia,
1906 5657 2181 5722 diversis
2232 5647 2635 5742 temporibus
2670 5657 2924 5734 factam,
2975 5679 3110 5722 una
3153 5679 3302 5720 cum
3349 5657 3478 5720 hiis
3509 5659 3622 5740 qui

1536 5829 1647 5838 Ἥ
3525 5831 3620 5838 -—-

1596 5927 1611 5956 ¹
1634 5927 1697 5976 In
1720 5927 1933 5978 allusion
1954 5937 2009 5978 to
2028 5927 2167 5978 Luke
2190 5925 2293 5978 xvi.
2318 5933 2365 5978 3.
2568 5929 2579 5994 1
2682 5931 2701 5958 ²
2722 5927 2974 5978 Jeremiah
2995 5929 3104 5978 xiv.
3135 5933 3210 5982 18.
