5559 8242
1247 5619 1260 5638 C
1247 4727 1264 5606 ffl‘*m-
1247 4475 1256 4700 m

2411 2071 2612 2118 REGIS
2657 2069 2949 2120 ANGLIAE.
3588 2053 3713 2118 199

1631 2259 1828 2324 minei
1895 2257 2312 2344 apparebant,
2363 2255 2384 2294 ¹
2409 2257 2586 2342 quod
2649 2255 2793 2322 diu'
2828 2255 3223 2322 dubitabant
3282 2253 3441 2342 quid
3504 2255 3711 2320 facere
3734 2263 4037 2326 A.D.1397.

1631 2365 1972 2448 oporteret.
2047 2359 2354 2436 Tandem,
2397 2365 2544 2444 post
2589 2359 2859 2446 longam
2890 2359 3387 2434 cunctationem,
3418 2357 3709 2422 sacerdos

1625 2467 1966 2550 ingressuS,
2001 2483 2148 2526 cum
2193 2465 2358 2526 esset
2399 2459 2424 2496 2
2437 2461 2658 2548 [pene]
2711 2461 3021 2548 spiritum
3064 2461 3415 2538 redditura,
3448 2459 3703 2524 monuit

1623 2589 1766 2634 eam
1831 2565 1914 2630 de
1971 2563 2112 2628 Deo
2181 2563 2480 2650 cogitare,
2531 2571 2598 2628 et
2659 2587 2919 2634 omnem
2978 2565 3249 2650 abjicere
3312 2563 3705 2650 desperatio-

1619 2691 1808 2750 nem3
1857 2673 2058 2754 utque
2105 2667 2522 2734 confiteretur
2565 2669 2869 2734 hortatus
2916 2673 3027 2746 est,
3076 2667 3385 2754 pollicens
3426 2667 3553 2732 sibi
3594 2667 3699 2732 in·-

1621 2771 1816 2836 dubie
1877 2771 2318 2836 remissionem
2377 2777 2815 2856 peccatorum,
2862 2769 2919 2834 si
2954 2773 3099 2856 jam
3144 2771 3439 2836 converti
3496 2769 3697 2834 vellet

1619 2875 1702 2940 ad
1749 2895 1898 2940 eum
1943 2873 2056 2960 qui
2101 2873 2428 2960 pendebat
2471 2875 2546 2938 in
2591 2895 2776 2938 cruce
2820 2895 2941 2960 pro
2992 2895 3069 2938 ea
3120 2879 3187 2940 et
3244 2895 3361 2962 pro
3406 2871 3453 2938 J
3456 2875 3691 2938 udaeis:

1619 2979 1832 3042 oravit
1865 2979 1948 3054 et,
1995 2997 2258 3040 sumens
2303 2983 2762 3064 argumentum
2808 2977 2985 3064 quod
3030 2977 3209 3042 Deus
3254 2999 3399 3042 eam
3442 2977 3693 3040 salvare

1615 3079 1920 3156 decrevit,
1977 3079 2090 3166 qui
2151 3079 2394 3144 totiens
2443 3079 2522 3142 de
2583 3085 2722 3144 tam
2767 3079 3197 3144 abominabili
3258 3081 3465 3142 morte
3524 3099 3689 3164 prae-

1557 3269 1562 3274 Ο
1613 3185 1988 3246 servaverat
2019 3181 2308 3244 eandem.
2399 3181 2584 3246 Tunc
2631 3187 2943 3268 concepta
2968 3181 3225 3260 fiducia,
3260 3181 3545 3246 confessa
3588 3183 3687 3244 est

1611 3283 1768 3348 satis
1811 3283 2154 3368 poenitens,
2201 3283 2610 3372 suscepitque
2669 3283 2991 3348 viaticum
3052 3283 3121 3346 in
3184 3283 3315 3346 fide
3374 3287 3565 3362 recta,
3622 3285 3687 3346 et

1609 3383 1974 3470 supervixit
2031 3387 2260 3470 postea
2303 3385 2514 3448 tribus
2559 3385 2752 3450 horis,
2846 3385 3131 3450 Tandem
3204 3385 3511 3448 defuncta
3566 3387 3681 3458 est,

1607 3507 1912 3574 magnam
1957 3507 2138 3572 spem
2179 3487 2550 3572 relinquens
2593 3485 2979 3552 mortalibus
3024 3487 3107 3550 de
3158 3483 3285 3550 Dei
3328 3483 3681 3550 misericor-

1607 3591 1732 3666 dia,
1751 3589 1938 3674 ,quod
1983 3609 2236 3674 semper
2277 3589 2656 3674 petentibus
2703 3591 2791 3652 sit
2834 3593 3109 3672 parata·
3150 3603 3161 3616 '

1653 3671 1882 3756 son-oa
1943 3691 2184 3754 festum
2251 3689 2478 3754 Sancti
2555 3691 2602 3754 J
2605 3689 2881 3754 ohannis
2960 3689 3291 3774 Baptistae,
3356 3693 3681 3752 venerunt
3702 3703 3853 3754 News

1603 3793 1826 3858 nuncii
1895 3793 1974 3854 de
2035 3791 2440 3868 Alemannia,
2503 3791 2903 3880 Praepositus
2952 3789 3357 3856 Coloniensis
3418 3793 3487 3854 et
3546 3789 3673 3866 alii,
3700 3769 3933 3886 Βζζῖξὲξ]
3936 3851 3971 3900 g

1607 3895 1734 3982 qui,
1787 3893 1986 3978 Regis
2029 3895 2376 3958 levitatem
2423 3899 2488 3958 et
2531 3893 2959 3958 ambitionem
3008 3895 3481 3980 cognoscentes,
3528 3911 3679 3978 sug-
3698 3901 3921 3952 Richard

1601 3999 1942 4080 gesserunt
1989 3995 2048 4058 ei
2097 3995 2272 4080 quod
2319 3997 2580 4070 electus,
2625 3993 2732 4058 vel
2779 3997 2957 4060 certe
3004 3993 3361 4082 eligenduS,
3420 3997 3559 4058 erat
3602 3991 3673 4056 in
3700 3967 3999 4086 {ffiffiffiut

1601 4087 2108 4184 Imperatorem(
2177 4095 2308 4176 Qui
2351 4117 2510 4162 mox
2555 4095 2750 4160 fidem
2798 4095 3135 4174 adhibenS,
3178 4093 3455 4160 eundem
3500 4093 3673 4160 Prae-
3696 4107 3749 4150 to
3772 4105 3847 4158 be,

1601 4201 1892 4288 positum
1935 4199 2400 4278 remuneravit,
2455 4203 2524 4262 et
2571 4197 2708 4284 ejus
2753 4197 2973 4276 socios,
3024 4197 3323 4264 munerib
3334 4219 3413 4260 us
3460 4219 3675 4262 exces*
3696 4167 3951 4300 {13ss2}OE

1601 4299 1796 4378 sivis3
1841 4297 2150 4380 misitque
2195 4297 2328 4362 illic
2373 4297 2871 4362 ambassiatores
2916 4297 3001 4360 ad
3048 4297 3559 4384 cognoscendum
3618 4293 3673 4360 si
3928 4321 3931 4324 ·

1597 4423 1748 4466 vere
1789 4401 1956 4464 foret
2003 4397 2258 4476 electuS,
2317 4401 2426 4462 vel
2487 4399 2724 4464 saltem
2767 4399 3123 4484 eligendus,
3180 4405 3257 4474 ut
3316 4397 3671 4484 praefertur.

1597 4503 1728 4582 Qui
1787 4501 2138 4566 redeuntes
2197 4501 2748 4566 renunciaverunt
2808 4501 3169 4650 maxime
3210 4505 3465 4586 partem
3510 4499 3671 4564 elec-

1591 4611 1808 4670 torum
1871 4601 1944 4666 in
2003 4603 2144 4686 ejus
2209 4625 2552 4688 personam
2595 4603 3031 4684 consensisse,
3094 4601 3303 4668 solum
3348 4603 3509 4666 duos
3552 4605 3667 4666 aut
3696 4603 3805 4654 The
3826 4619 3977 4666 news,

1591 4711 1724 4770 tres
1755 4703 2024 4768 minime
2057 4725 2436 4768 consensum
2479 4705 2849 4790 praebuisse,
2884 4705 3039 4792 quia
3084 4705 3141 4768 si
3186 4705 3259 4768 in
3302 4709 3477 4768 terra
3518 4725 3665 4790 pro-
3690 4675 3957 4798 {Zpengtreat

1589 4809 1730 4894 pria
1775 4829 1908 4872 non
1951 4807 2170 4892 potuit
2215 4827 2364 4870 suos
2417 4807 2714 4870 subditos
2771 4807 3111 4890 castigare,
3160 4805 3479 4892 quomodo
3524 4827 3667 4890 pos·-
3690 4805 3977 4854 confirmed.

1587 4915 1686 4974 set
1731 4929 1952 4974 omnes
1995 4909 2190 4994 longe
2231 4909 2494 4992 lateque
2541 4907 2867 4990 subjectos
2918 4907 3303 4992 gubernare
3342 4907 3615 4992 imperio
3642 4915 3665 4974 ’.ἒ
3690 4915 3763 4998 >

1589 5011 1676 5074 Et
1721 5011 1868 5076 ideo
1913 5015 2374 5096 suggesserunt
2419 5011 2857 5074 munerandos
2890 5031 2997 5074 eos
3046 5009 3161 5096 qui
3202 5009 3663 5090 dissenserunt,

1589 5111 2054 5196 blanditiisque
2107 5113 2178 5176 in
2223 5117 2478 5198 partem
2525 5111 2720 5198 Regis
2765 5109 3219 5210 alliciendos!
3254 5109 3399 5174 Hoc
3442 5115 3663 5176 autem

1585 5221 1808 5280 utrum
1859 5215 2200 5278 finxerunt
2247 5215 2332 5278 ad
2391 5215 2935 5278 commovendum
2982 5213 3009 5250 2
3030 5213 3291 5298 [bilem]
3344 5211 3539 5296 Regis
3588 5213 3663 5278 in

1587 5317 1900 5392 dominos
1987 5315 2238 5380 Ducem
2323 5315 2712 5392 Gloverniae,
2796 5315 3087 5382 Comites
3164 5313 3547 5380 Arundeliae
3590 5321 3657 5380 et

1583 5417 1908 5494 Warwici,
1943 5423 2010 5482 et
2039 5421 2320 5496 caeteros,
2339 5419 2446 5482 vel
2475 5423 2981 5504 reportaverunt
3008 5439 3127 5504 pro
3150 5439 3303 5482 vero
3334 5437 3657 5502 responsO,

1577 5519 1964 5606 ignoratur-3
2021 5543 2228 5584 unum
2295 5525 2470 5586 certe
2531 5519 2752 5598 scitur,
2808 5521 2985 5608 quod
3046 5521 3129 5584 ab
3192 5521 3307 5584 illo
3372 5521 3659 5604 tempore
3682 5539 3975 5596 Extortions

1577 5623 1778 5710 coepit
1839 5623 2268 5708 tyrannizare,
2335 5623 2654 5708 populum
2723 5623 3085 5710 apporiare,
3144 5621 3423 5706 grandes
3480 5641 3653 5684 sum·
3678 5611 3925 5670 praetised

1979 5725 1992 5736 .
2375 5725 2388 5738 .
2465 5725 2478 5738 .
3678 5675 3749 5740 by
3770 5677 3909 5742 King

1579 5743 1718 5788 mas
1763 5745 2056 5810 pecuniae
2101 5729 2410 5802 mutuari,
2459 5729 2558 5790 1ta
2603 5725 2778 5808 quod
2832 5723 3055 5788 nullus
3098 5725 3427 5810 praelatus,
3474 5723 3657 5788 nulla
3678 5739 3913 5794 Richard.

3716 4477 3745 4492 :²

1643 5929 1654 5954 ¹
1679 5929 1766 5988 qui
1783 5925 1870 5974 diu
1893 5925 1946 5974 in
1961 5925 2100 5990 orig.
2123 5945 2136 5986 3
2171 5881 2426 5974 corrected
2443 5925 2572 5976 from
2611 5923 2620 5962 ἕ
2729 5927 2748 5954 2
2771 5923 2997 5974 Omitted
3018 5923 3069 5974 in
3094 5923 3217 5992 orig.
3240 5945 3255 5986 3
3288 5923 3515 5988 supplied
3528 5925 3655 5976 from

1575 6001 1810 6054 Faustina
1833 6005 1894 6052 B.
1917 6003 1988 6052 ix.
2659 6003 2901 6052 Faustina
2924 6003 2983 6052 B.
3008 6001 3079 6052 ix.
