5559 8242
1590 2271 1737 2324 „A.D,
1768 2275 1891 2322 1402

1936 2055 2065 2118 346
2488 2045 2808 2118 ANNALEs
2853 2071 3148 2122 HENRJCI
3193 2071 3470 2134 QUARTI,

1932 2257 2329 2346 pliciumque
2374 2281 2657 2338 suorum,
2706 2261 2777 2322 et
2823 2279 3020 2346 super-
3077 2259 3516 2324 arcitenentes
3569 2259 3812 2324 irruere
3857 2259 4028 2326 nite-

1932 2355 2145 2428 batur.
2238 2361 2431 2442 Quod
2488 2361 2792 2426 videntes
2837 2361 3188 2448 Sagittarii,
3235 2361 3702 2428 retrocedendo
3751 2361 4030 2448 sagitta-

1932 2463 2099 2530 bant
2124 2469 2263 2530 tam
2296 2463 2605 2550 graviter,
2640 2467 2719 2528 ut
2746 2463 2922 2550 ipsos
2953 2467 3242 2528 armatos
3289 2463 3556 2528 omnino
3587 2469 4028 2550 penetrarent,

1934 2565 2213 2632 cassides
2266 2567 2701 2646 terebrarent,
2746 2563 3000 2652 gladios
3043 2565 3476 2650 perforarent,
3519 2565 3776 2630 lanceas
3821 2565 4032 2630 finde-

1936 2673 2101 2748 rent,
2118 2687 2125 2692 ”
2164 2671 2229 2732 et
2288 2691 2549 2732 omnem
2608 2673 3014 2732 armaturam
3093 2667 3332 2734 leviter
3405 2669 4030 2732 transverberarent.

1910 2771 2089 2856 ⁴Ipse
2148 2789 2403 2854 quoque
2452 2769 2703 2854 Duglas
2748 2769 3040 2856 quinque
3087 2768 3474 2834 vulneribus
3533 2775 3636 2834 est
3693 2769 4034 2846 confessus

1938 2893 2071 2934 non
2100 2869 2407 2934 obstante
2452 2871 2862 2936 securissima
2907 2871 3016 2936 vel
3065 2869 3634 2958 sumptuosissima
3679 2875 4035 2937 armatura.

1600 2985 1921 3048 „Thessarlof
1938 2971 2203 3060 Reliqui
2248 2973 2329 3038 de
2364 2971 2593 3050 ScotiS,
2640 2973 2755 3058 qui
2803 2973 3102 3038 nondum
3149 2973 3230 3038 de
3277 2977 3500 3038 monte
3521 2973 4034 3056 ,descenderant

1604 3057 1831 3118 Douglas
1852 3053 1895 3102 is

1606 3123 1867 3180 wounded,

1602 3189 1709 3234 and
1730 3187 1883 3236 taken

1606 3251 1845 3318 prisoner.

1610 4125 1723 4174 The
1744 4123 1849 4172 vic-

1610 4197 1723 4254 tory
1740 4191 1899 4250 solely

1608 4257 1705 4306 due
1726 4263 1779 4304 to
1802 4255 1883 4302 the

1608 4319 1825 4386 English

1606 4389 1819 4438 archers.

1612 4513 1771 4564 Other

1616 4577 1841 4630 Scottish

1610 4645 1797 4704 nobleS,

1608 4713 1753 4760 there
1776 4725 1891 4776 cap-

1610 4779 1753 4828 tured
1776 4793 1833 4826 or

1612 4845 1755 4894 alain.

1938 3075 2235 3142 conversi
2266 3077 2423 3140 sunt
2466 3079 2844 3150 retrorsum,
2879 3081 2946 3140 et
2977 3075 3064 3140 ad
3093 3075 3320 3160 fugam
3367 3095 3434 3138 se
3473 3081 4036 3160 praeparaverunt.

1940 3175 2071 3254 Qui
2102 3197 2249 3240 cum
2294 3173 2659 3260 sagittariis
2686 3197 2924 3240 manus
2955 3173 3388 3256 inseruerant,
3419 3179 3500 3240 ut
3531 3175 3896 3262 praefertur,
3931 3177 4036 3240 vel

1938 3279 2113 3366 capti
2172 3281 2329 3340 sunt
2386 3275 2471 3342 ab
2532 3276 2792 3356 eisdem,
2847 3277 2964 3348 vel,
3027 3277 3260 3342 occisi:
3311 3271 3488 3350 inter
3551 3299 3730 3364 quos,
3803 3277 4036 3342 Comes

1932 3379 2187 3464 Duglas
2248 3381 2479 3464 captus
2540 3381 2653 3442 est.
2692 3393 2699 3400 ’
2750 3377 2882 3456 Qui
2939 3399 3098 3444 vero
3145 3379 3236 3442 de⁴
3287 3383 3500 3444 morte
3557 3377 3888 3466 fugerunt,
3953 3401 4036 3444 ex

1936 3501 2177 3566 magna
2234 3485 2425 3566 parte
2468 3479 2790 3566 fugiendo
2843 3481 3022 3568 capti
3067 3479 3354 3546 fuerunt.
3447 3479 3726 3544 Plurimi
3779 3501 4036 3568 quoque

1942 3581 2147 3668 ¹[qui]
2196 3581 2573 3646 festinando
2618 3581 2944 3666 fugientes
2991 3581 3196 3648 socios
3241 3585 3728 3668 praecesserunt,
3761 3603 3908 3646 cum
3953 3585 4038 3646 ad

1938 3705 2195 3748 amnem
2244 3683 2327 3748 de
2370 3683 2609 3748 Twede
2652 3683 3128 3768 pervenissent,
3159 3683 3522 3750 nescientes
3567 3683 3756 3762 vada,
3787 3683 4038 3770 rapaci-

1938 3789 2081 3850 tate
2124 3787 2409 3872 gurgitis
2440 3791 2597 3850 sunt
2642 3785 2980 3864 submersi,
3029 3787 3118 3852 ad
3161 3809 3532 3866 numerum,
3579 3791 3658 3852 ut
3679 3815 3682 3818 ⁴
3705 3785 4038 3864 asseritur,

1940 3887 2455 3974 quingentorum
2482 3911 2497 3968 3
2542 3909 2659 3974 per
2686 3887 2912 3952 omnia
2945 3887 2962 3924 ¹
2995 3887 3234 3974 [Deus]
3269 3888 3680 3968 benedictus,
3713 3889 3824 3974 qui
3857 3889 4042 3952 dedit

1938 3991 2129 4054 nobis
2160 3989 2521 4068 victoriam,
2554 4011 2691 4054 non
2732 3989 2810 4054 in
2851 4011 3058 4054 manu
3103 4011 3446 4074 procerum
3491 3995 3558 4056 et
3607 3991 4036 4070 dominorum,

1942 4091 2055 4158 sed
2084 4091 2545 4158 2mediatione
2604 4113 2968 4176 pauperum
3029 4109 3102 4156 ac
3161 4095 3536 4158 servorum!
3605 4115 3818 4178 neque
3863 4095 4040 4158 enim

1942 4195 2075 4258 fuit
2134 4195 2437 4258 omnibus
2500 4193 2820 4272 dominus,
2867 4195 3072 4270 miles,
3135 4199 3252 4256 aut
3305 4193 3588 4272 scutifer,
3639 4195 3750 4280 qui
3809 4197 4040 4278 pedem

1944 4293 2159 4358 movit
2234 4297 2547 4358 adversus
2620 4293 2647 4326 3
2674 4293 2984 4380 [Scotos],
3047 4293 3252 4358 donec
3317 4295 3590 4360 contriti
3657 4293 3938 4362 fuissent
4003 4317 4042 4360 a

1948 4395 2325 4482 sagittariis,
2368 4401 2449 4458 ut
2466 4439 2473 4448 -
2492 4395 2788 4480 praedixi.

2038 4497 2237 4582 Capti
2284 4503 2441 4562 sunt
2470 4521 2545 4592 eo
2578 4497 2683 4564 die
2732 4497 2964 4564 Comes
3011 4497 3284 4586 Duglas,
3335 4499 3570 4566 Comes
3617 4499 3760 4586 Fyf,
3813 4499 4044 4566 Comes

1946 4603 2025 4668 de
2074 4601 2337 4676 Murref,
2404 4599 2639 4666 Comes
2684 4601 2767 4666 de
2813 4601 3066 4688 AngUS,
3119 4601 3352 4668 Comes
3399 4603 3480 4666 de
3529 4601 3918 4688 Orkeneye3
3979 4605 4046 4668 et

1948 4703 2027 4768 de
2076 4703 2461 4780 Beronibus„
2522 4703 2848 4768 Dominus
2897 4703 2976 4768 de
3023 4703 3254 4768 Monte
3317 4705 3674 4782 GomericO,
3723 4705 4050 4768 Dominus

1948 4809 2027 4870 de
2074 4803 2361 4890 Erskyn,
2394 4805 2721 4872 Dominus
2770 4805 3086 4890 Styward
3117 4807 3198 4870 de
3231 4807 3676 4884 Ermesuorth,
3723 4805 4048 4872 Dominus

1948 4911 2029 4972 de
2076 4909 2333 4988 Setone,
2380 4909 2707 4974 Dominus
2752 4907 3086 4974 Walterus
3137 4907 3396 4984 Grame,
3443 4909 3768 4974 Dominus
3801 4909 4050 4974 Rober-
4105 4927 4108 4932 ·

1946 5013 2059 5076 tus
2106 5013 2347 5098 Logon‚
2394 5009 2721 5076 Dominus
2791 5011 3016 5076 David
3077 5009 3406 5096 Flemyns.
3501 5009 3844 5076 Interfecti
3891 5015 4048 5076 sunt

1950 5113 2169 5190 etiam,
2216 5115 2527 5188 Ramnes,
2560 5105 2902 5176 ”Dominus
2949 5113 3030 5176 de
3077 5111 3398 5188 Gordone,
3449 5117 3518 5178 et
3563 5113 3888 5178 Dominus
3933 5111 4052 5178 Jo-

1950 5213 2199 5280 hannes
2254 5217 2333 5280 de
2388 5213 2767 5300 Swyntone,
2833 5217 2900 5278 et
2957 5213 3224 5294 milites,
3285 5215 3612 5280 Dominus
3671 5215 4052 5280 Alexander

1952 5315 2293 5402 Ramseye‚
2342 5321 2411 5380 et
2456 5315 2828 5380 Willelmus
2861 5315 2942 5382 de
2975 5317 3310 5398 Prestone,
3343 5317 3680 5382 Walterus
3727 5315 4052 5400 Seyncler,

1950 5423 2017 5484 et
2048 5419 2417 5484 willelmus
2448 5417 2794 5494 Akenhed‚
2827 5423 2898 5484 et
2925 5419 3038 5484 alii
3069 5419 3314 5484 milites
3359 5415 3386 5456 ⁴
3407 5419 3758 5504 octoginta.
3855 5417 4050 5506 Capti

1952 5541 2209 5606 quoque
2284 5521 2553 5586 fuerunt
2626 5519 2912 5604 insuper,
2993 5525 3062 5584 et
3137 5521 3348 5602 occisi,
3423 5521 3716 5604 plurimi,
3769 5541 4050 5604 quorum

1950 5643 2315 5700 numerum,
2392 5623 2529 5686 sive
2602 5621 2888 5700 nomina,
2911 5667 2930 5676 κ
2963 5643 3100 5686 non
3173 5627 3488 5688 tenemus.
3615 5621 4052 5688 Commissum

2022 5903 2037 5934 ¹
2064 5901 2291 5952 Omitted
2310 5901 2363 5950 in
2390 5901 2515 5966 orig.
3121 5901 3140 5930 ³
3167 5899 3394 5952 Omitted
3413 5901 3470 5952 in
3491 5901 3626 5968 orig.

2020 5981 2041 6012 2
2064 5979 2189 6030 This
2204 5981 2347 6030 word
2356 5979 2401 6030 is
2422 5979 2693 6030 somewhat
2708 5979 2954 6030 doubtful.
3121 5981 3140 6012 ⁴
3159 5981 3383 6046 octoyinti
3397 5983 3454 6030 in
3477 5981 3604 6046 orig.

4337 4649 4346 4864 1

4339 4865 4346 5116 l

4339 5157 4346 5250 Ι
