5559 8242
1768 2039 1899 2100 214
2298 2045 2617 2100 ANNALES
2662 2045 2954 2098 RIOARDI
2997 2047 3318 2110 0110111101,

1436 2247 1747 2298 A.D.1397.
1862 2231 1989 2298 Die
2058 2231 2287 2298 Sancti
2334 2231 2655 2314 Matthaei,
2704 2231 2998 2318 Apostoli
3057 2239 3128 2298 et
3185 2231 3648 2318 Evangelistae,
3703 2253 3856 2318 pro-

1436 2327 1581 2444 ΞᾞΒΕῙ
1582 2325 1659 2442 gi
1678 2409 1709 2442 ο
1710 2393 1739 2442 f
1774 2335 2013 2400 ductus
2040 2341 2141 2400 est
2170 2337 2505 2416 RicardUS,
2530 2337 2761 2402 Comes
2789 2335 3192 2416 Arundeliae,
3223 2337 3308 2400 ad
3337 2335 3860 2424 respondendum

1440 2431 1681 2514 Arundel.
1776 2459 1993 2504 coram
2072 2439 2247 2526 Rege
2308 2445 2583 2528 totoque
2650 2437 2936 2504 Parliam
2945 2443 3096 2504 ento
3145 2439 3226 2502 de
3273 2437 3586 2526 depositis
3631 2445 3860 2504 contra

1774 2563 1941 2610 eum.
2036 2541 2165 2622 Qui
2224 2565 2371 2608 cum
2434 2543 2725 2608 stetisset
2780 2547 2944 2608 „ante
2989 2541 3288 2606 tribunal
3333 2541 3548 2628 Regis,
3599 2541 3860 2626 jussum

1774 2649 1873 2708 est
1918 2645 2203 2710 Domino
2248 2643 2269 2678 ¹
2662 2643 2938 2730 Nevyle,
2981 2649 3062 2708 ut
3107 2643 3480 2708 detraheret
3515 2631 3862 2728 'caputium

1774 2749 1937 2812 collo
2008 2767 2141 2824 suc,
2198 2751 2265 2810 et
2310 2745 2703 2832 discingeret
2772 2769 2924 2810 eum
2993 2767 3160 2810 zona
3229 2767 3362 2812 sua.
3451 2743 3634 2810 Tunc
3701 2747 3864 2810 Dux

1776 2849 2191 2928 Lancastriae,
2246 2847 2647 2912 Senescallus
2688 2849 2972 2934 Angliae,
3019 2847 3124 2914 cui
3167 2847 3290 2914 hoc
3335 2869 3420 2914 ex
3465 2847 3672 2912 officio
3717 2871 3862 2934 per-

1776 2949 2053 3038 tine-bat,
2084 2949 2455 3014 notificavit
2500 2947 2527 2982 2
2550 2949 2735 3036 [sibi]
2780 2951 2972 3038 quod,
3005 2973 3200 3016 causa
3243 2953 3602 3016 multarum
3649 2955 3864 3016 extor-

1778 3053 2039 3116 tionum
2080 3055 2147 3116 et
2186 3051 2581 3138 proditionis
2624 3053 2697 3116 in
2744 3051 2992 3140 Regem
3037 3075 3244 3132 suum,
3279 3053 3476 3118 fuerit
3521 3057 3866 3134 arestatus,

1780 3161 1849 3220 et
1878 3155 2195 3220 hactenus
2226 3155 2527 3220 detentus
2564 3155 2635 3218 in
2666 3153 2980 3236 custodia,
3011 3177 3330 3244 nuncque,
3361 3157 3446 3220 ad
3475 3155 3866 3240 petitionem

1782 3279 2117 3344 procerum
2164 3263 2231 3322 et
2272 3257 2783 3336 communitatiS,
2817 3257 2842 3296 ³
2861 3263 3132 3324 vocatus
3191 3259 3276 3322 ad
3343 3259 3868 3344 respondendum

1780 3359 2159 3444 hujusmodi
2188 3361 2407 3448 palam
2436 3359 2838 3438 criminibus
2869 3367 2940 3426 et
2973 3381 3050 3426 se
3091 3361 3526 3446 purgandum,
3555 3361 3666 3426 vel
3695 3367 3870 3426 certe
3929 3425 3932 3428 ,

1782 3463 2197 3530 subeundum
2232 3463 2561 3548 judicium
2610 3485 2727 3550 pro
2782 3463 3040 3530 eisdem.
3133 3463 3634 3550 Replicavitque
3695 3465 3870 3548 quod

1782 3567 2143 3654 proditorie
2194 3567 2405 3632 movit
2462 3589 2643 3632 arma
2698 3573 2926 3634 contra
2969 3567 3234 3654 Regem,
3295 3567 3636 3632 dominum
3677 3589 3872 3632 suum

1784 3671 2047 3758 ligeum,
2092 3671 2391 3756 equitans
2438 3693 2587 3736 cum
2632 3671 2818 3736 Duce
2865 3669 3238 3736 Gloverniae
3283 3675 3352 3734 et
3399 3669 3654 3734 Comite
3685 3669 3874 3734 War-

1786 3773 1955 3852 wici,
2012 3777 2239 3838 contra
2296 3795 2517 3858 pacem
2578 3773 2798 3860 Regis,
2855 3771 2928 3836 in
2985 3771 3194 3838 totius
3251 3771 3744 3836 communitatis
3807 3779 3876 3838 et

1784 3875 1973 3960 regni
2024 3875 2599 3960 perturbationem.
2706 3875 2818 3940 Ad
2879 3875 3054 3962 quod
3115 3873 3470 3960 respondit,
3515 3875 3692 3962 quod
3741 3897 3876 3938 non

1786 3977 1943 4044 fecit
2004 3977 2171 4044 illud
2230 3983 2307 4042 ut
2366 3977 2677 4064 proditor,
2738 3979 2852 4042 sed
2911 3999 3030 4064 pro
3097 3975 3300 4064 Regis
3349 3977 3662 4064 regnique
3703 3999 3878 4042 com-

1786 4081 1999 4160 m0d0,
2060 4081 2119 4146 si
2190 4081 2355 4146 bene
2416 4085 2633 4167 posset
2690 4079 3112 4165 interpretari
3177 4079 3554 4164 hujusmodi
3629 4079 3876 4144 factum

1792 4205 1999 4250 suum.
2120 4181 2533 4272 Requisitum
2608 4181 2822 4268 igitur
2883 4181 3016 4246 fuit
3075 4181 3158 4246 ab
3233 4181 3480 4260 eodem,
3545 4203 3662 4248 0111·
3723 4179 3876 4268 ergo

1792 4287 2051 4352 chartas
2100 4285 2593 4370 perdonationis
2634 4283 3058 4372 perquisisset
3105 4307 3146 4350 a
3191 4283 3452 4350 domino
3499 4307 3632 4364 suc,
3681 4285 3878 4374 Rege,

1792 4391 1851 4456 si
1918 4413 1985 4454 se
2048 4389 2463 4476 cognovisset
2490 4451 2497 4458 .
2528 4389 2794 4454 omnino
2861 4389 2932 4454 in
2993 4389 3116 4456 hoc
3179 4411 3370 4476 opere
3417 4389 3878 4456 innocentem?

1796 4493 2163 4578 Respondit
2224 4491 2397 4580 quod
2466 4513 2599 4556 non
2662 4491 2900 4558 timore
2967 4491 3126 4558 talis
3187 4491 3420 4578 operis,
3465 4491 3578 4556 sed
3639 4497 3716 4556 ut
3765 4493 3878 4560 ob-

1796 4599 2207 4662 struerentur
2272 4617 2389 4662 ora
2460 4615 2814 4680 pravorum
2863 4601 2934 4660 et
2991 4593 3482 4672 malevolorum,
3539 4593 3654 4682 qui
3713 4595 3884 4662 circa

1798 4697 2043 4786 Regem
2104 4705 2311 4778 erant,
2356 4697 2611 4762 chartas
2662 4697 3038 4782 hujusmodi
3083 4697 3494 4784 adquisisset,
3581 4697 3884 4784 Requisi-

1796 4805 1941 4864 tum
1988 4799 2261 4888 pioinde
2302 4799 2449 4884 fuit,
2480 4801 2779 4884 nunquid
2825 4799 3024 4866 vellet
3057 4799 3324 4866 diffiteri
3351 4799 3524 4886 quod
3569 4801 3660 4866 sic
3705 4801 3884 4888 equi-

1798 4903 1973 4976 tavit
2018 4911 2247 4970 contra
2290 4903 2553 4990 Regem,
2610 4909 2689 4968 ut
2746 4905 3116 4988 praefertur,
3161 4911 3228 4970 et
3271 4909 3562 4970 armatus
3605 4903 3888 4968 intravit

1800 5007 2215 5092 praesentiam
2260 5007 2459 5092 Regis
2504 5007 2623 5088 sui,
2670 5011 2900 5070 contra
2941 5007 3232 5092 ejusdem
3281 5007 3482 5094 Regis
3523 5007 3887 5090 beneplaci-

1798 5113 1945 5172 tum
1990 5115 2059 5174 01,
2102 5109 2531 5174 voluntatem.
2644 5107 3008 5196 Respondit
3053 5111 3228 5196 quod
3273 5109 3394 5174 hoc
3437 5107 3708 5174 diffiteri
3749 5129 3884 5172 non

1802 5211 2039 5298 potuit.

1468 5331 1649 5394 Bushy
1670 5331 1771 5382 and
1894 5313 1939 5378 J
1942 5313 2227 5380 ohannes
2272 5313 2487 5400 Bussy
2532 5319 2599 5378 et
2644 5313 2747 5380 sui
2793 5313 3152 5402 complices,
3197 5313 3326 5380 hiis
3371 5313 3632 5394 auditis,
3677 5307 3888 5400 prociss

1472 5399 1639 5448 others
1808 5415 2065 5494 derunt,
2132 5421 2199 5480 et
2264 5415 2635 5501 importune
2692 5415 3162 5496 clamaverunt,
3205 5423 3284 5484 ut
3325 5417 3514 5484 fieret
3563 5415 3890 5500 judicium

1468 5465 1683 5516 demand

1426 5567 1431 5572 .
1474 5539 1707 5584 sentence
1808 5519 1891 5584 de
1940 5517 2417 5606 proditore,-·-·“
2442 5517 2647 5600 Hoc,''
2690 5519 2930 5606 inquit,
2977 5527 3014 5556 “
3035 5541 3174 5598 nos,
3203 5519 3410 5586 vestri
3453 5519 3674 5584 fideles
3717 5541 3892 5586 com-

1470 5601 1653 5718 fflrffe
1810 5627 1845 5658 “
1886 5643 2137 5700 munes,
2202 5621 2489 5706 petimus
2554 5621 2713 5700 fieri,
2776 5629 2844 5688 et
2905 5621 3218 5692 oramusssff
3305 5621 3414 5688 Ad
3479 5643 3674 5708 quem
3731 5621 3892 5688 satis

1872 5827 1889 5860 ¹
1916 5825 2143 5878 Omitted
2170 5825 2227 5874 in
2260 5823 2401 5892 orig„
2436 5823 2611 5876 andin
2642 5827 2802 5876 Faus-
2889 5825 3134 5876 Faustina
3151 5825 3216 5876 Β.
3237 5823 3312 5878 ix,

1804 5905 1915 5956 tina
1932 5905 1999 5954 B.
2020 5907 2095 5956 ix,
2959 5907 2978 5934 ³
3001 5911 3286 5970 vocam-sque
3329 5903 3386 5954 in
3429 5903 3586 5970 orig.;
3637 5903 3892 5958 corrected

1870 5985 1893 6016 ²
1912 5985 2137 6036 Omitted
2150 5985 2205 6036 in
2228 5985 2387 6050 orig.;
2422 5985 2653 6050 supplied
2674 5985 2804 6036 stom
2893 5985 3024 6036 from
3045 5983 3292 6036 Faustina
3311 5985 3376 6036 Β.
3397 5983 3472 6036 ix.

4085 5749 4094 5760 0
