5559 8242
1906 2013 2035 2110 '173
2436 2051 2753 2104 ANNALES
2797 2051 3096 2104 RIOARDI
3141 2051 3462 2118 sirenum,

1576 2253 1715 2307 A.D.
1740 2257 1883 2302 1395.
1910 2247 1941 2274 “
1984 2239 2257 2324 alicujus
2304 2238 2563 2318 valoris,
2594 2239 2794 2304 debet
2837 2259 2976 2304 esse
3019 2259 3182 2324 opus
3227 2237 3260 2282 ¹-
3279 2239 3684 2326 [procedens]
3731 2241 3814 2304 ab
3863 2241 4000 2304 alta

1912 2347 1949 2376 “
1994 2343 2283 2408 caritate.
2360 2343 2451 2408 Et
2478 2343 2769 2428 perfecta
2801 2343 3038 2406 caritas
3065 2341 3322 2406 nullam
3349 2349 3696 2428 personam
3733 2343 4000 2430 excipit,

1914 2451 1951 2480 “
1996 2451 2013 2480 ⁶
2044 2445 2349 2532 quia—*²*
2376 2445 2629 2532 Diliges
2684 2445 3064 2532 proximum
3131 2449 3344 2524 tuum,
3407 2445 3580 2512 sicut
3647 2445 3934 2532 seipsum
3959 2445 4004 2526 3'

1914 2557 1949 2584 “
1996 2557 2391 2638 quapropter
2452 2555 2727 2636 apparet
2770 2547 2984 2628 nobis,
3031 2549 3208 2634 quod
3253 2549 3500 2614 donum
3547 2549 3716 2614 boni
3753 2553 4008 2634 tempo-

1922 2659 1957 2688 “
1998 2655 2153 2718 ralis
2196 2651 2507 2718 collatum
2536 2653 2996 2732 sacerdotibus,
3031 2657 3100 2716 et
3131 2651 3662 2738 eleemosynariis
3693 2651 4014 2730 domibus»,

1924 2763 1959 2790 “
2000 2763 2101 2822 est
2160 2753 2515 2842 principale
2560 2757 2906 2820 consilium
2951 2757 3246 2844 specialis
3289 2753 3632 2836 orationiS,
3679 2777 3830 2840 quae
3875 2775 4014 2818 non

1928 2865 1963 2894 “
2008 2861 2107 2922 est
2152 2859 2347 2952 longe
2392 2879 2433 2922 a
2464 2857 2786 2948 symonia,
2873 2859 3026 2924 Alia
3069 2859 3242 2926 ratio
3289 2863 3406 2938 est,
3457 2859 3614 2946 quia
3655 2857 3682 2896 ³
3709 2859 4016 2944 speciales

1936 2967 1971 2994 “
2014 2961 2341 3042 orationes
2386 2959 2577 3026 factae
2620 2981 2739 3048 pro
2768 2961 3146 3026 hominibus
3193 2961 3526 3026 damnatis
3557 2963 3642 3026 ad
3687 2961 4020 3048 sempiter-

1936 3069 1969 3096 “
2012 3083 2169 3126 nam
2198 3083 2479 3150 poenam,
2514 3067 2615 3128 est
2662 3063 2802 3128 Deo
2847 3063 3134 3128 multum
3179 3063 3528 3150 displicens
3553 3089 3570 3144 3
3599 3069 3668 3130 et
3713 3053 4016 3148 quamvis

1936 3173 1971 3200 “
2014 3165 2105 3232 sit
2164 3165 2461 3244 dubium,
2518 3165 2878 3232 verisimile
2945 3171 3046 3232 est
3095 3167 3472 3234 Christiano
3531 3167 3790 3254 popule,
3851 3169 4024 3254 quod

1936 3273 1973 3306 “
2014 3269 2401 3334 fundatores
2444 3268 3006 3354 eleemosynarum
3049 3269 3300 3350 domus,
3359 3273 3628 3358 propter
3685 3291 3870 3334 suam
3915 3293 4026 3336 ve-

1938 3375 1973 3408 “
2016 3375 2331 3438 nenosani
2376 3371 2806 3452 dotationem,
2857 3377 3016 3438 sunt
3059 3395 3182 3460 pro·
3221 3371 3454 3460 majori
3499 3379 3688 3458 parte
3733 3377 4028 3458 pertran-

1936 3483 1973 3512 “
2018 3467 2131 3542 siti
2190 3475 2399 3540 latam
2456 3475 2653 3542 viam.
2764 3475 3198 3542 Corollarium
3259 3481 3360 3542 est
3383 3501 3400 3558 3
3423 3513 3512 3526 --·
3531 3475 3744 3542 oratio
3789 3477 4032 3542 valoris

1940 3585 1975 3616 “
2022 3581 2377 3666 procedens
2420 3601 2505 3646 ex
2580 3579 2856 3646 caritate
2923 3579 3226 3666 perfecta,
3273 3580 3680 3666 amplexaret
3721 3579 3798 3642 in
3839 3603 4032 3666 gene-

1866 3709 1869 3712 *
1944 3687 1981 3718 “
2026 3681 2153 3748 rali
2198 3705 2423 3752 omnes
2464 3682 2611 3746 illos
2654 3705 2818 3768 quos
2855 3681 3038 3748 Deus
3081 3681 3282 3748 vellet
3323 3683 3568 3748 habere
3615 3681 3920 3762 salvatos»,
3965 3687 4034 3750 et

1942 3799 1981 3832 “>
2020 3791 2455 3878 dimittere[t]
2510 3791 2653 3876 jam
2700 3789 3020 3856 usitatam
3073 3789 3534 3856 markandiam
3577 3811 3694 3876 pro
3743 3789 4034 3874 speciali-

1948 3899 1985 3930 “
2026 3895 2155 3960 bus
2184 3887 2593 3960 orationibus
2638 3891 2884 3960 factam
2927 3891 3474 3972 mendicantibus,
3523 3891 4036 3978 possessionatiS,

1950 4001 1985 4034 “
2032 4001 2099 4062 et
2146 3997 2293 4062 aliis
2344 3995 2792 4062 sacerdotibus
2851 3995 3308 4074 conductitiis3
3371 3995 3484 4082 qui
3545 3999 3702 4060 sunt
3761 3996 4040 4082 populus

1950 4105 1987 4136 “
2032 4101 2257 4188 magni
2302 4097 2329 4134 4
2346 4099 2613 4166 honoris
2658 4099 2794 4164 toti
2837 4119 3056 4186 regno,
3101 4103 3528 4164 manutentus
3573 4097 3646 4162 in
3705 4097 4040 4164 otiositate

1954 4209 1987 4238 “
2034 4225 2195 4284 sua3
2262 4203 2419 4288 quia
2476 4201 2609 4266 fuit
2668 4201 3022 4288 probatum
3087 4201 3158 4264 in
3221 4221 3356 4266 uno
3399 4201 3570 4268 libro
3631 4223 3828 4286 quem
3887 4201 4038 4266 Rex

1958 4313 1993 4342 “
2036 4305 2065 4344 ⁵
2086 4305 2361 4384 audivit,
2410 4305 2585 4390 quod
2632 4311 2898 4370 centum
2945 4299 3176 4370 domus
3237 4305 3794 4390 eleemosynarum
3867 4303 4048 4370 suffi-

1960 4417 1993 4444 “
2036 4407 2221 4474 ciunt
2284 4407 2413 4474 toti
2480 4429 2721 4494 regn03
2782 4413 2854 4474 et
2913 4429 2998 4474 ex
3053 4407 3180 4472 hoc
3241 4407 3616 4492 proveniret
3679 4407 4046 4474 maximum

1960 4519 1993 4546 “
2036 4509 2517 4576 incrementum
2562 4509 2587 4546 ⁶
2614 4509 2952 4598 [possibile
2995 4509 3342 4598 temporali
3385 4511 3608 4600 parti}

2054 4613 2365 4680 “Octava
2412 4613 2980 4680 Conclusio.-—-Ad
3035 4611 3442 4678 narrandum
3487 4615 3732 4702 populo
3779 4615 4048 4700 decepto

1968 4725 2001 4752 “
2046 4719 2161 4796 est,
2208 4717 2385 4802 quod
2436 4715 3010 4804 peregrinationes,
3043 4717 3388 4794 orationes,
3433 4717 3812 4796 oblationeS,
3859 4719 4052 4782 factae

1966 4825 2005 4858 “
2050 4821 2245 4886 certis
2312 4819 2611 4886 crucibus
2672 4821 2814 4886 sive
2863 4819 3068 4902 modic,
3119 4825 3186 4886 et
3247 4821 3458 4886 surdis
3517 4821 3916 4908 imaginibus
3975 4821 4056 4886 de

1968 4929 2003 4960 “
2048 4923 2227 5010 ligno
2276 4927 2345 4988 et
2388 4923 2623 5010 lapide,
2670 4929 2828 4990 sunt
2871 4947 3070 5010 prope
3123 4923 3588 5010 consanguinei
3631 4925 3718 4990 ad
3761 4925 4058 4990 idolatri—

1970 5033 2005 5062 “
2050 5049 2175 5108 am,
2208 5029 2279 5092 et
2306 5027 2499 5112 longe
2544 5025 2629 5090 ab
2662 5025 3110 5112 eleemosyna}
3155 5031 3226 5092 et
3255 5027 3558 5114 quamvis
3599 5027 3730 5092 ista
3773 5027 4062 5092 inhibita

1974 5139 2007 5166 “
2050 5127 2077 5166 '⁷
2096 5129 2415 5216 imageria
2458 5129 2549 5196 sit
2590 5129 2755 5196 liber
2789 5129 3020 5196 erroris
3049 5129 3292 5220 populo
3337 5129 3566 5210 laicali,
3601 5131 3812 5196 adhuc
3843 5131 4058 5218 imago

1972 5241 2009 5272 “
2058 5233 2309 5298 usualis
2346 5233 2427 5298 de
2456 5233 2783 5298 Trinitate
2827 5237 2928 5308 est
2973 5235 3256 5298 maxime
3285 5233 3762 5300 abominabilis.
3853 5235 4062 5300 Istam

1972 5343 2009 5374 ‘⁶
2058 5337 2557 5426 Conclusionem
2602 5337 2783 5404 Deus
2827 5343 3050 5424 aperte
3097 5337 3406 5416 ostendit,
3457 5337 3838 5424 praecipiens
3901 5338 4064 5404 elee-

1978 5457 2015 5486 “
2060 5463 2405 5526 mosynam
2432 5441 2575 5506 fieri
2606 5439 2982 5506 hominibus
3027 5441 3522 5528 indigentibus;
3553 5443 3706 5528 quia
3749 5441 3878 5528 ipsi
3907 5445 4064 5506 sunt

2044 5641 2067 5672 1
2090 5637 2317 5688 Omitted
2336 5637 2393 5686 in
2416 5637 2567 5702 orig.;
2602 5635 2828 5700 supplied
2845 5637 2978 5688 from
3133 5641 3152 5668 ⁶
3179 5637 3472 5704 Omittedin
3491 5637 3616 5702 orig.
3641 5657 3656 5698 3
3695 5637 3922 5702 supplied
3937 5637 4068 5688 from

1966 5715 2129 5766 ‚Fasa
2158 5715 2341 5768 Zizan.
2358 5719 2461 5766 and
2480 5717 2721 5766 Faustina
2742 5719 2804 5766 B.
2821 5715 2894 5766 ix.
3067 5715 3218 5766 Fasc.
3243 5715 3426 5766 Ze'zan.
3449 5719 3552 5766 and
3571 5719 3704 5766 from
3723 5717 3968 5766 Faustina
4001 5719 4064 5768 B.

2048 5797 2069 5826 ²
2088 5793 2243 5846 Matt.
2266 5799 2379 5848 xix,
2402 5801 2463 5846 19
2484 5817 2499 5856 3
2524 5797 2653 5846 xxii.
2678 5801 2757 5848 39.
3069 5795 3158 5856 ix„
3171 5793 3386 5862 ponibile
3405 5797 3562 5862 being
3595 5795 3732 5846 ‘chere
3767 5797 3968 5846 written
3989 5795 4068 5846 for

2050 5879 2069 5908 ⁸
2088 5875 2319 5942 specialis
2338 5877 2511 5936 oratio,
2534 5877 2589 5924 in
2612 5877 2765 5928 Fasc.
2791 5873 2978 5928 Zizan.
3063 5873 3314 5938 possibile.

2050 5957 2071 5988 4
2090 5957 2249 6022 operis
2268 5955 2325 6006 in
2346 5957 2495 6010 Fasc.
2518 5955 2701 6008 Zizan.
3139 5957 3158 5984 '¹
3181 5961 3230 6004 et
3283 5955 3580 6020 imayz'narz'a
3647 5955 3746 6004 sint
3795 5953 3850 6006 in
3917 5953 4070 6006 Fuso.

2050 6039 2071 6066 ⁵
2092 6037 2267 6088 habuit
2284 6039 2339 6090 in
2362 6037 2513 6092 Fasc,
2532 6037 2713 6088 Zizan.
3077 6033 3258 6086 Zizan.
