5559 8242
1600 2269 1739 2328 A.D,
1764 2271 1907 2320 1399.

1600 2359 1735 2408 their

1604 2439 1825 2490 prayers.

1608 2785 1721 2836 The
1742 2783 1883 2848 King

1606 2865 1867 2914 expresses

1604 2919 1687 2968 his
1708 2933 1801 2966 un·-

1604 2983 1825 3048 willing-

1606 3065 1721 3102 ness
1742 3059 1795 3100 to

1606 3117 1789 3180 tallage
1804 3119 1891 3168 the

1608 3185 1797 3250 clei-gy.

1610 3613 1723 3662 The
1750 3613 1919 3664 Arch-⁴

1548 3687 1551 3690 ’
1606 3681 1789 3744 bishop
1812 3681 1871 3730 of

1610 3747 1829 3798 Canter-

1608 3817 1741 3878 bury

1610 3897 1775 3932 warns
1796 3881 1883 3932 the

1612 3945 1801 4014 Clergy

1608 4015 1807 4078 against

1610 4083 1803 4132 certain

1612 4149 1829 4200 enemies
1850 4149 1903 4198 in

1608 4215 1801 4266 Pal-lia-

1610 4289 1763 4332 ment.

1612 4733 1871 4782 Measures

1612 4801 1767 4850 taken
1788 4801 1841 4848 in

1612 4881 1787 4916 conse-

1614 4949 1805 4998 quenee

1612 4999 1819 5068 thereos.

1936 2063 2067 2126 290
2484 2073 2796 2130 ANNALES
2839 2071 3140 2122 HENRICI
3185 2069 3462 2132 QUARTI,

1932 2285 2059 2348 que
2108 2261 2533 2340 Camerarius
2586 2261 2908 2326 Dominus
2959 2261 3240 2328 Thomas
3285 2261 3728 2348 Erpyngham,
3775 2261 4022 2348 gratias

1934 2369 2207 2450 agentes
2266 2361 2451 2442 clero,
2496 2387 2581 2430 ex
2622 2369 2810 2450 parte
2831 2353 3072 2450 ‘Regis
3133 2385 3278 2448 pro·
3313 2363 3776 2428 devotionibus
3833 2365 4022 2430 factis

1934 2469 2021 2532 ad
2066 2467 2427 2536 Dominum
2470 2489 2589 2554 pro
2650 2467 2896 2544 eodem,
2943 2471 3012 2532 et
3055 2467 3198 2532 vice
3247 2465 3668 2550 deprecantes
3713 2465 4022 2552 ejusdem,

1936 2575 2015 2634 ut
2060 2593 2177 2654 pro
2224 2591 2299 2634 eo
2346 2571 2715 2636 consimiles
2760 2569 3088 2634 orationes
3143 2569 3644 2650 continuarent;
3701 2591 3818 2652 per
3863 2591 4028 2656 quas

1936 2672 2273 2736 fatebatur
2336 2693 2401 2736 se
2470 2671 2930 2736 indubitanter
2987 2671 3306 2756 adjutum.
3399 2671 3490 2766 Et
3555 2671 3628 2736 in
3689 2693 4028 2758 progressu

1936 2775 2271 2852 dixerunt,
2306 2775 2483 2858 quod
2520 2775 2539 2810 ¹
2564 2775 2709 2838 Rex
2752 2775 2968 2840 noluit
3019 2795 3128 2838 eos
3173 2775 3302 2838 ista
3353 2775 3494 2838 vice
3539 2795 3810 2862 gravare
3857 2775 4032 2840 talli-

1932 2877 2101 2960 agio,
2166 2895 2287 2940 nec
2328 2875 2403 2940 in
2448 2881 2802 2960 posterum,
2863 2877 3000 2942 sine
3065 2877 3360 2942 evidenti
3419 2877 3826 2958 necessitate,
3885 2899 4032 2962 quae

1914 2983 2231 3054 ‚constare
2276 2979 2533 3062 publice
2582 2979 2834 3044 cunctis
2879 2985 3116 3064 posset.
3175 2979 3298 3044 ‘Et
3357 2979 3598 3044 idcirco
3645 2979 4034 3066 deprecaba-

1938 3083 2065 3158 tur,
2118 3085 2191 3144 ut
2234 3081 2287 3144 si
2336 3079 2595 3166 quando
2638 3081 2792 3144 talis
2835 3083 3188 3146 necessitas
3223 3087 3596 3168 emergeret,
3647 3087 3864 3146 essent
3907 3081 4034 3146 sibi

1938 3181 2239 3248 liberales
2286 3187 2357 3248 et
2402 3183 2721 3260 benevoli,
2778 3183 2946 3248 sicut
3007 3205 3260 3270 semper
3323 3185 3456 3248 suis
3511 3183 3700 3248 bonis
3747 3189 4034 3250 anteces-

1940 3285 2195 3350 soribus
2254 3285 2659 3366 extiterunt3
2706 3291 2773 3350 et
2833 3285 2972 3372 ipse
3031 3307 3098 3352 se
3167 3287 3366 3350 talem
3429 3285 3876 3352 ecclesiasticis
3921 3309 4034 3350 ex-

1942 3387 2213 3466 hiberet,
2260 3409 2407 3452 cum
2454 3387 2581 3452 Dei
2626 3387 2860 3474 gratia,
2913 3389 3088 3474 quod
3137 3387 3482 3452 materiam
3533 3389 3914 3476 invenirent
3969 3395 4036 3454 et

1942 3489 2199 3556 colendi
2246 3513 2395 3554 eum
2440 3491 2824 3576 propensius
2873 3495 2944 3554 et
2989 3491 3222 3556 orandi
3273 3491 3576 3556 devotius
3623 3513 3740 3576 pro
3791 3491 4032 3556 eodem.

1982 3649 1987 3654 ,
2032 3591 2117 3660 In
2180 3593 2301 3658 hac
2364 3593 2517 3658 cleri
2580 3591 3090 3672 Convocatione,
3153 3593 3478 3658 Dominus
3543 3591 4034 3660 Cantuariensis

1942 3695 2341 3784 significavit
2388 3695 2633 3778 ibidem
2680 3689 3108 3782 congregatis
3143 3697 3224 3760 de
3271 3697 3666 3780 quibusdam
3709 3697 4036 3762 militibus

1946 3799 2577 3878 Parliamentalibus,
2638 3799 2814 3884 quod
2873 3821 3008 3864 non
3069 3803 3264 3864 erant
3325 3801 3490 3864 clero
3551 3798 3872 3876 benevoli,
3921 3801 4034 3864 secl

1942 3921 2061 3984 pro
2126 3923 2367 3986 magna
2410 3899 2437 3936 ²
2458 3901 2705 3988 [parte]
2770 3901 3188 3966 insidiatores
3233 3901 3528 3988 captiosi,
3579 3907 3646 3966 et
3691 3899 3890 3966 nimis
3933 3903 4034 3966 in-

1942 4003 2107 4070 festi.
2228 4003 2319 4068 Et
2380 4005 2701 4092 praecipue
2766 4005 2944 4068 dixit
3005 4027 3072 4068 se
3137 4005 3348 4070 vereri
3395 4005 3668 4068 Domini
3711 4005 3758 4068 J
3763 4005 4038 4070 ohannis

1946 4107 2215 4192 Oheyne
2260 4127 2487 4170 sensus
2554 4111 2623 4170 et
2688 4105 3046 4192 opinioneS,
3097 4107 3210 4190 qui
3253 4111 3524 4192 perante
3575 4107 3708 4170 fuit
3757 4107 4038 4172 infestus

1944 4209 2267 4284 Ecclesiae,
2320 4215 2387 4274 et
2422 4207 2563 4294 jam
2626 4207 2834 4274 factus
2887 4207 3320 4272 Parliamenti
3381 4209 3804 4290 Prolocutor;
3865 4211 4040 4294 quod

1946 4311 2003 4380 si
2050 4311 2207 4396 quid
2252 4313 2663 4396 cognosceret
2708 4309 2779 4372 in
2827 4311 2992 4376 clero
3041 4311 3568 4396 reprehensibile,
3609 4331 3746 4376 non
3773 4317 4038 4390 taceret,

1946 4415 2061 4478 sed
2126 4435 2245 4500 pro
2306 4435 2493 4500 posse
2560 4413 2948 4500 propalaret,
3011 4415 3086 4478 in
3149 4415 3424 4480 dedecus
3485 4413 3902 4494 clericorum3
3971 4419 4040 4480 et

1944 4517 2091 4580 ideo
2154 4515 2379 4580 docuit
2438 4515 2761 4604 expedire,
2819 4521 2898 4580 ut
2941 4515 2968 4554 ³
2987 4515 3406 4582 ecclesiastici
3453 4517 3542 4580 sic
3587 4539 3654 4582 se
3701 4539 4040 4602 compone-

1944 4625 2111 4696 rent,
2158 4623 2229 4682 et
2270 4619 2671 4698 ordinarent,
2712 4641 2798 4684 ne
2841 4619 2990 4682 laici
3035 4619 3460 4704 quovismodo
3505 4623 3770 4704 possent
3813 4619 4042 4682 invehi

1944 4725 2175 4786 contra
2218 4743 2341 4784 eos
2434 4719 2695 4786 Statuit
2738 4709 2948 4806 igitur
3003 4719 3308 4808 inprimis
3365 4743 3450 4786 ne
3509 4721 3726 4786 clerici
3769 4721 4040 4806 plurali-

1946 4827 2119 4912 tates
2164 4823 2557 4900 obtinerent,
2604 4823 2733 4888 nisi
2776 4823 2948 4890 forte
2993 4823 3208 4888 forent
3241 4821 3458 4890 Sacrae
3489 4823 3758 4908 Paginae
3787 4823 4040 4888 Profes-

1936 4947 2137 5006 sores,
2188 4931 2307 4990 aut
2352 4927 2425 4990 in
2470 4927 2517 4990 J
2518 4947 2633 4992 ure
2670 4925 3012 5004 Doctores,
3063 4927 3170 4990 vel
3219 4925 3540 4990 Bacalarii
3583 4927 3658 4990 in
3701 4925 3752 4988 J
3751 4947 3864 4990 ure
3911 4925 4040 4990 for-

1946 5029 2151 5108 mati3
2212 5031 2279 5092 et
2322 5049 2407 5092 ne
2452 5029 2759 5116 Episcopi
2807 5031 2916 5094 vel
2955 5027 3172 5094 clerici
3211 5027 3586 5092 beneficiati
3633 5033 4040 5092 morarentur

1946 5131 2019 5194 in
2056 5131 2253 5196 curiis
2286 5129 2737 5210 Dominorum,
2766 5131 2884 5196 sed
2913 5133 3094 5218 apud
3139 5153 3258 5196 sua
3303 5131 3620 5196 beneficia
3655 5131 4038 5196 residerent.

1950 5231 2341 5298 Gonsultum
2400 5233 2531 5296 fuit
2590 5233 2876 5318 insuper,
2923 5239 3002 5296 ut
3057 5255 3140 5296 ex
3197 5237 3386 5316 parte
3449 5233 3604 5296 cleri
3649 5233 4044 5298 formaretur

1948 5331 2359 5418 supplicatio,
2410 5333 2806 5420 porrigenda
2837 5333 3020 5420 Regi,
3071 5339 3146 5398 ut
3193 5335 3418 5398 cursus
3463 5333 3488 5368 4
3513 5333 3740 5420 [juris]
3787 5335 3860 5396 in
3903 5335 4042 5400 foro

1948 5435 2377 5500 ecclesiastico
2420 5457 2557 5500 non
2604 5435 2629 5470 ⁵
2650 5435 3084 5522 impediretur
3143 5437 3224 5500 de
3285 5441 3518 5502 caetero
3579 5459 3694 5522 per
3753 5437 4044 5520 prohibi-

1946 5539 2161 5604 tiones
2206 5539 2311 5604 vel
2356 5539 2553 5604 breve
2600 5543 2635 5574 “
2658 5537 2876 5616 Quare
2929 5537 3264 5624 impedit,''
3301 5543 3368 5604 et
3415 5539 3586 5624 quod
3631 5539 3800 5630 illud
3843 5541 4044 5606 breve

2014 5755 2029 5782 ¹
2054 5753 2277 5804 Omitted
2298 5751 2353 5800 in
2374 5751 2619 5802 Faustina
2650 5751 2713 5802 B.
2738 5751 2810 5802 ix.
2987 5751 2994 5830 1
3101 5753 3122 5780 ‘⁵‘
3147 5751 3372 5802 Omitted
3383 5751 3440 5802 in
3457 5751 3580 5818 orig.
3605 5775 3620 5814 3
3655 5751 3884 5814 supplied
3909 5753 4040 5802 from

2010 5833 2029 5862 ²
2054 5831 2275 5882 Omitted
2292 5831 2349 5880 in
2362 5829 2485 5896 orig.
2510 5851 2523 5892 3
2560 5829 2792 5892 supplied
2813 5829 2946 5880 from
2987 5831 2994 5892 ξ
3041 5831 3282 5882 Faustina
3301 5829 3364 5882 Β.
3389 5831 3460 5880 ix.
3531 5829 3538 5836 '

1942 5909 2183 5960 Faustina
2206 5911 2269 5958 B.
2292 5909 2365 5960 ix.
2548 5977 2555 5986 ‚
2989 5893 2996 5996 ξ
3109 5911 3128 5938 ²⁵
3153 5909 3516 5976 impedietur-‘in
3539 5907 3652 5976 orig

2010 5993 2029 6020 ³
2050 5991 2281 6040 eccastici
2296 5989 2355 6036 in
2376 5991 2503 6054 orig.

4267 6625 4284 6754 mmmmm„
4279 6577 4284 6618 .,.,.,
