5559 8242
2492 2055 2691 2104 1111010
2734 2051 3032 2104 ANGLIAE.
3689 2043 3818 2112 363

1732 2241 2031 2308 munitus
2086 2245 2319 2306 contra
2376 2239 2507 2306 sibi
2566 2246 2836 2306 cunctos
2897 2239 3272 2318 malev0105‚
3319 2245 3544 2306 tamen
3605 2241 3822 2308 noluit
3845 2255 4152 2314 A.D.1403.

1732 2347 1909 2432 quod
1948 2345 2051 2408 illi
2090 2367 2209 2408 nec
2262 2343 2499 2432 aliquae
2540 2367 2834 2432 personae
2889 2343 3038 2410 aliae
3085 2351 3434 2432 conceptus
3497 2347 3822 2410 haberent

1730 2469 1927 2534 quare
1974 2447 2191 2512 noluit
2236 2469 2371 2514 esse
2406 2447 2631 2532 justus
2662 2453 2731 2512 et
2770 2454 2990 2514 rectus
3033 2469 3190 2534 erga
3235 2451 3446 2532 dictos
3495 2447 3820 2514 Comitem

1732 2555 1799 2616 et
1828 2553 2209 2630 Henricum,
2248 2551 2631 2638 specialiter,
2664 2575 2812 2616 cum
2845 2549 3152 2616 omnibus
3197 2551 3332 2616 suis
3375 2537 3580 2640 ligeis,
3619 2551 3822 2638 juxta

1728 2657 1999 2736 merita3
2064 2655 2225 2742 quin
2286 2655 2571 2720 libenter
2638 2661 2906 2742 paratus
2973 2660 3140 2720 esset
3205 2655 3416 2720 facere
3481 2655 3820 2740 justitiam

1726 2759 2099 2844 unicuique,
2128 2757 2481 2824 secundum
2526 2781 2731 2844 posse.
2825 2759 2912 2824 Et
2943 2757 3184 2822 idcirco
3215 2757 3480 2846 rogavit
3511 2779 3818 2844 personas

1730 2863 1963 2948 quibus
2012 2863 2175 2926 dicti
2236 2861 2467 2928 Comes
2512 2867 2579 2926 et
2626 2863 2956 2928 Henricus
3019 2863 3428 2948 scripserant,
3475 2869 3568 2940 ut,
3611 2863 3818 2928 consi-

1730 2967 1973 3030 deratis
2020 2965 2497 3052 suprascriptis,
2556 2965 2982 3030 festinatione
3043 2989 3172 3052 qua
3229 2970 3494 3052 possent
3539 2969 3626 3048 ad
3671 2987 3822 3030 eum

1724 3071 2121 3152 accederent,
2184 3069 2271 3134 ad
2342 3069 2954 3134 communicandum
3019 3069 3452 3134 effectualiter
3511 3069 3590 3136 de
3653 3093 3818 3156 prae-

1726 3173 1955 3254 missis,
1998 3197 2119 3260 pro
2156 3195 2317 3260 ⁴pace
2370 3171 2575 3258 regni,
2630 3175 3092 3258 commodoque
3141 3175 3484 3238 communi.
3607 3173 3820 3260 Scrip-
3845 3187 3926 3236 He
3945 3187 4116 3242 makes

1720 3277 1935 3360 sitque
1986 3277 2163 3342 dicto
2212 3277 2463 3342 Comiti
2514 3281 2581 3342 et
2626 3275 2934 3356 HenricO,
2969 3279 3090 3342 sub
3137 3277 3324 3362 signo
3371 3275 3588 3362 Regia,
3621 3277 3814 3362 quod,
3845 3255 4090 3376 ῗξθῗοῗα

1722 3381 1777 3444 si
1846 3381 2113 3456 vellent,
2166 3379 2347 3444 salvo
2408 3385 2675 3464 possent
2728 3381 3050 3456 accedere,
3113 3381 3422 3466 salvoque
3471 3379 3814 3462 discedere,
3843 3393 4070 3468 persoual

1722 3483 1861 3548 sine
1910 3483 2143 3568 quovis
2188 3483 2475 3568 periculo
2522 3483 2661 3550 sive
2708 3471 2954 3548 fraude.
3841 3461 4112 3510 intemew.

1814 3585 1945 3652 Sed
1994 3585 2373 3650 ¹effraenata
2414 3589 2751 3650 temeritas
2793 3585 2964 3650 nihil
2993 3585 3212 3650 voluit
3257 3585 3482 3650 audire
3527 3585 3814 3650 rationa-
3839 3593 4018 3660 Henry

1722 3689 1871 3766 bile,
1900 3687 2071 3752 nihil
2100 3689 2383 3776 cogitare
2416 3689 2715 3768 salubre3
2762 3689 2876 3752 sed
2921 3693 3140 3774 spreto
3187 3687 3546 3752 lenimento
3593 3689 3814 3774 regali,
3839 3663 4040 3782 ξξζΐξζε
4063 3741 4144 3784 to.

1718 3793 1999 3878 rigorem
2044 3791 2421 3856 rebellionis
2464 3791 2703 3868 induit,
2756 3796 2824 3856 et
2871 3791 2956 3854 ad
3001 3796 3224 3878 partes
3273 3791 3572 3878 Solopiae,
3617 3797 3816 3878 prout
3839 3797 4064 3930 {gig-wis:

1630 3881 1639 3890 ⁵
1720 3895 1979 3972 dicitur,
2024 3895 2413 3980 properavit.
2530 3895 2816 3960 Proinde
2871 3895 3034 3976 Reiz,
3069 3900 3146 3960 ut
3193 3897 3512 3982 persensit
3551 3895 3814 3980 juveni-
3833 3929 3942 3990 join
3967 3931 4122 3984 Glena

1714 3999 1847 4062 lem
1918 3997 2299 4062 induratam
2352 3999 2611 4064 malitia
2698 4021 2944 4062 —nam
2997 4005 3192 4086 pater
3233 4021 3368 4064 non
3415 3999 3690 4064 excessit
3733 4001 3815 4062 li-
3841 3999 4022 4048 dower.

1720 4103 1915 4168 mites
1942 4125 2081 4170 suae
2118 4013 3066 4188 patriaeff-statgiffoccurrere
3095 4103 3488 4168 festinanter
3521 4101 3810 4170 Henrico

1720 4211 1787 4270 et
1834 4207 1969 4290 ejus
2016 4209 2265 4294 patruo,
2314 4207 2603 4272 Domino
2650 4207 2918 4272 Thomae
2967 4207 3188 4292 Percy,
3239 4205 3488 4272 Comiti
3533 4205 3812 4294 Wygor-

1716 4309 1865 4386 niae,
1932 4311 2311 4396 priusquam
2374 4311 2767 4374 conflassent
2831 4311 3194 4376 exercitum
3273 4313 3500 4374 contra
3575 4311 3806 4396 ipsum.

1718 4413 1969 4498 Nempe
2032 4413 2431 4478 collaterales
2500 4435 2723 4478 eorum
2782 4413 3108 4500 publicari
3151 4411 3356 4476 fecere
3403 4433 3518 4500 per
3561 4413 3810 4498 patrias
3835 4431 3932 4484 His
3953 4443 4102 4504 party

1720 4515 1893 4600 quod
1938 4515 2085 4580 Rex
2134 4515 2453 4580 Ricardus
2512 4517 2790 4592 viveret,
2841 4521 2908 4580 et
2967 4515 3142 4580 inter
3189 4537 3296 4580 eos
3341 4519 3524 4594 erat3
3567 4515 3650 4596 in„
3699 4539 3808 4580 011-
3831 4501 4080 4620 ξὲζξῇἓῗ

1704 4617 1819 4704 jus
1860 4617 2125 4684 nomine
2172 4619 2341 4684 bella
2386 4623 2802 4704 sumpserant
2859 4624 3084 4683 contra
3131 4619 3380 4704 Regem
3429 4617 3804 4684 Henricum.
3831 4631 4052 4710 Richard
4067 4591 4118 4690 ᾗ,

1716 4719 1935 4800 Quem‘
1962 4721 2019 4786 si
2054 4721 2279 4786 videre
2316 4723 2864 4806 concupiscerent,
2899 4721 3280 4788 accederent
3325 4721 3410 4788 ad
3457 4745 3562 4788 eos
3607 4723 3806 4786 armis
3833 4701 3934 4750 stul
3963 4701 4136 4772 lwing.

1714 4825 2041 4906 instructi,
2092 4831 2159 4890 et
2228 4827 2297 4890 in
2362 4825 2595 4896 Castro
2668 4825 2942 4890 Cestriae
3003 4825 3308 4890 viderent
3369 4825 3808 4890 infallibiliter

1714 4929 1965 4994 dictum
2014 4929 2279 5016 Regem.
2374 4929 2535 5008 Quae
2580 4929 2864 5016 quidem,
2921 4925 3236 5014 quamvis·
3269 4927 3508 5008 dolosa,
3555 4927 3807 4992 denun-

1714 5033 1927 5112 ciatio,
1978 5031 2197 5098 varios
2242 5031 2357 5094 2in
2402 5031 2763 5098 multorum
2809 5031 2836 5068 ³
2861 5031 3248 5119 [mentibus]
3315 5035 3530 5096 motus
3577 5031 3806 5110 effecit,

1714 5141 1781 5200 et
1840 5137 2157 5202 fluctuare
2228 5135 2439 5222 coegit
2506 5135 2836 5222 plurimos,
2885 5141 2964 5200 ut
3023 5133 3404 5222 ignorarent
3465 5135 3570 5202 0111
3629 5135 3806 5220 parti

1708 5241 1879 5304 foret
1924 5241 2137 5306 tutius
2182 5239 2659 5306 adhaerendum,
2754 5237 2934 5326 Nam
2973 5239 3190 5324 plures
3235 5237 3684 5304 afficiebantur
3729 5259 3806 5304 eo

1710 5349 2003 5430 tempore
2034 5343 2201 5430 Regi
2248 5343 2547 5424 Ricardo‚
2596 5347 2663 5406 et
2708 5343 3030 5430 praecipue
3079 5343 3194 5430 qui
3239 5345 3570 5428 quondam
3617 5341 3806 5406 fami-

1710 5445 1903 5512 liares
1970 5445 2107 5534 ejus
2170 5447 2449 5524 fuerant,
2500 5451 2567 5510 et
2630 5445 2713 5510 ab
2776 5469 2852 5512 eo
2913 5447 3146 5514 donati
3205 5447 3416 5514 feodis
3479 5445 3590 5514 vel
3631 5445 3802 5512 aliis

1714 5551 2061 5618 donativis.

3211 5709 3216 5712 .
3221 5709 3364 5712 ——.
3379 5707 3468 5712 ,-.--...-
3473 5707 3504 5712 -..
3509 5709 3516 5712 .
3523 5709 3594 5712 -—.
3601 5707 3694 5712 ...-—
3699 5705 3802 5714 --—.,.,

1782 5795 1797 5824 ¹
1824 5797 1935 5844 The
1982 5811 2125 5846 name
2166 5797 2227 5846 of
2260 5795 2489 5862 Hotspur
2528 5791 2573 5846 is
2612 5793 2713 5846 evia
2869 5799 2888 5826 2
2913 5797 3080 5846 These
3113 5803 3212 5844 two
3251 5797 3416 5846 words
3451 5805 3534 5846 are
3569 5799 3800 5862 repeated

1718 5875 1901 5938 dently
1942 5877 2275 5942 individually
2320 5877 2519 5928 alluded.
2560 5883 2615 5926 to
2658 5877 2713 5926 in
2803 5877 2858 5928 in
2881 5877 3006 5942 orig.

1716 5953 1859 6004 these
1886 5957 2059 6006 words.
2871 5961 2888 5988 ³
2915 5959 3140 6008 Omitted
3159 5957 3214 6006 in
3239 5957 3360 6024 orig.
