5559 8242
1918 2077 2003 2136 68
2484 2089 2519 2136 J
2524 2085 2713 2150 OHAN
2716 2087 2832 2136 NIS
2875 2085 2970 2134 DE
3015 2085 3440 2136 'I'ROKELOWE

1916 2295 2177 2338 suorum
2250 2295 2589 2358 procerum
2662 2271 2818 2338 fecit
2897 2275 3206 2352 avertere,
3269 2277 3336 2336 et
3409 2271 3796 2356 praedictam
3849 2291 4004 2358 ‘pro-

1916 2377 2233 2440 visionem
2278 2373 2537 2440 fortiter
2582 2373 2986 2460 impugnare.
3079 2375 3176 2437 At
3225 2373 3528 2450 Bai-ones»,
3587 2373 3728 2438 haec
3789 2373 4008 2438 omnia

1916 2499 2133 2542 amore
2188 2477 2463 2544 Comitis
2512 2476 2832 2542 antedicti
2879 2477 3204 2562 patienter
3251 2477 3664 2556 sustinentes,
3707 2483 4010 2562 expecta-

1916 2579 2081 2644 bant
2116 2577 2175 2642 si
2212 2581 2381 2644 forte
2428 2578 2695 2644 modum
2742 2599 2936 2644 suum
2983 2580 3324 2644 emendare
3365 2581 3580 2644 vellet.
3661 2579 3792 2644 Sed
3837 2581 4008 2644 frus-

1588 2691 1825 2770 Insapiate
1918 2685 2061 2760 tra,
2104 2703 2259 2744 nam
2300 2680 2383 2746 de
2424 2681 2527 2746 die
2576 2679 2597 2716 1
2622 2679 2693 2742 in
2740 2679 2914 2746 diem
2959 2683 3344 2746 thesaurum
3373 2681 3572 2768 Regis
3615 2681 3762 2768 plus
3809 2683 4004 2746 solito

1584 2757 1863 2876 ‘g'ffiss‘gssossf
1920 2781 2193 2868 collegit,
2226 2783 2711 2860 mercatoribus,
2754 2786 2832 2846 ut
2877 2781 3058 2868 prius
3101 2784 3420 2848 tradendo
3447 2809 3472 2864 .;
3517 2785 3616 2848 ita
3661 2785 3838 2868 quod
3881 2783 4006 2848 Re-

1920 2907 2067 2970 gem
2112 2885 2285 2950 inter
2326 2887 2525 2950 breve
2568 2891 2826 2972 tempus
2875 2889 2946 2950 in
2991 2891 3256 2952 tantum
3301 2886 3794 2972 depauperavit,
3833 2887 4008 2970 quod

1918 3009 2035 3074 pro
2102 2989 2401 3074 expensis
2478 2989 2629 3070 suiS,
2694 3011 2842 3054 cum
2903 3009 3020 3074 per
3085 2989 3370 3074 patriam
3433 2991 3764 3068 transiret,
3829 2989 4006 3054 unde

1590 3107 1699 3156 The
1720 3105 1895 3184 Qqeen
1920 3093 2167 3156 solvere
2228 3113 2363 3156 non
2424 3091 2727 3156 habebat.
2829 3091 3086 3176 Regina
3145 3093 3450 3156 similiter
3509 3093 3582 3154 in
3631 3091 3832 3158 Curia
3893 3113 4010 3156 sua

1588 3173 1863 3288 pgffirlams
1920 3199 2023 3258 tot
2086 3193 2375 3260 defectus
2440 3193 2777 3274 sustinuit,
2831 3193 3006 3276 quod
3053 3193 3340 3258 Domino
3411 3193 3594 3278 Regi,
3647 3195 3826 3278 patri
3869 3215 4004 3272 suo,

1586 3307 1765 3384 sapher,
1788 3305 1873 3354 the
1918 3295 2429 3380 lacrymabiliter
2476 3298 2575 3360 est
2620 3299 2990 3382 conquesta.
3111 3295 3310 3360 Unde
3371 3295 3548 3360 idem
3593 3297 3740 3360 Rex
3785 3319 4008 3362 omnes

1588 3371 1809 3498 ξτᾞὲοὲῗ
1920 3397 2323 3486 Angligenas
2400 3397 2527 3462 sibi
2602 3403 2792 3462 notos
2867 3421 2986 3484 pro
3073 3403 3302 3462 tanta·
3355 3397 3710 3462 tolerantia
3771 3399 4008 3464 acriter

1588 3507 1791 3556 thereos.
1922 3501 2305 3586 increpavit.

1588 3611 1849 3662 Insol'enee
2010 3603 2153 3668 Nec
2216 3603 2575 3668 sufficiebat
2642 3602 2856 3666 eidem
2921 3603 3122 3668 Petro
3195 3625 3342 3688 quae
3407 3603 3548 3686 jam
3615 3603 3794 3668 dicta
3851 3607 4008 3668 sunt

1588 3677 1857 3794 ‘t'gfissvffig
1918 3707 2159 3784 fecisse,
2206 3705 2337 3772 nisi
2380 3695 2723 3792 magnates
2764 3709 2958 3770 terrae
3005 3729 3124 3792 pro
3165 3705 3296 3768 hiis
3343 3727 3490 3792 quae
3545 3705 3670 3770 sibi
3723 3705 4010 3770 fecerant

1584 3811 1771 3864 nobles.
1918 3809 2203 3894 turpiter
2280 3807 2625 3888 derideret,
2688 3807 2912 3892 pejora
2987 3807 3316 3892 prioribus
3381 3807 3474 3870 eis
3535 3807 4008 3872 comminando

1922 3911 2015 3976 At
2066 3911 2193 3996 ipsi
2244 3915 2581 3974 cernentes
2628 3909 2806 3994 quod
2865 3911 2936 3972 in
2981 3909 3266 3996 negotiis
3301 3911 3442 3994 jam
3501 3909 3780 3996 inceptis
3841 3909 4012 3972 nihil

1920 4013 2367 4098 proficiebant,
2412 4018 2479 4078 et
2524 4013 2699 4098 quod
2746 4035 2972 4076 eorum
3017 4011 3344 4098 patientia
3403 4011 3582 4078 dicto
3641 4013 3836 4076 Petro
3899 4035 4010 4076 au-

1588 4121 1897 4200 Thqurons
1924 4117 2179 4180 daciam
2236 4115 2649 4204 malignandi
2704 4117 3080 4202 praestabat,
3141 4115 3430 4180 Domino
3491 4115 3656 4200 Regi
3709 4115 4010 4180 unanimi

1588 4203 1873 4306 ζίξῗιὲῃιῖξε
1924 4241 2187 4284 assensu
2230 4219 2653 4296 nunciabant,
2682 4221 2763 4282 ut
2807 4217 2912 4282 vel
2959 4217 3212 4282 dictum
3265 4217 3532 4282 Petrum
3581 4241 3620 4280 a
3655 4239 3772 4282 sua
3819 4217 4012 4282 socie-

1588 4321 1789 4370 banish-
1922 4327 2061 4388 tate
2124 4321 2317 4386 citius
2386 4325 2737 4398 amoveret,
2787 4319 3254 4406 Articulosque
3317 4321 3400 4386 ad
3457 4325 3760 4406 optatum
3829 4321 4014 4386 effec-

1588 4395 1737 4438 ment.
1920 4429 2067 4488 tum
2130 4425 2491 4502 deduceret,
2556 4423 2663 4488 vel
2728 4423 2856 4508 ipsi
2917 4423 2990 4488 in
3051 4445 3218 4502 eum,
3279 4429 3596 4510 tanquam
3653 4425 3730 4488 in
3793 4445 4012 4510 regem

1922 4527 2275 4612 perjurum,
2334 4527 2419 4590 ab
2480 4527 2595 4592 illo
2656 4527 2765 4592 die
2825 4527 3258 4614 insurgerent.
3351 4529 3498 4592 Rex
3541 4531 3780 4604 autem,
3827 4547 4012 4592 suam

1922 4633 2379 4714 paupertatem
2446 4651 2852 4716 cognoscenS,
2925 4651 3274 4716 eorumque
3337 4629 3706 4714 potentiam
3775 4629 4016 4694 intelli-

1920 4753 2095 4816 gens,
2124 4731 2545 4796 multitudini
2580 4737 2645 4798 et
2692 4731 3010 4818 potentiae
3039 4731 3302 4796 illorum
3339 4733 3422 4796 ad
3455 4737 3716 4818 tempus
3757 4733 4012 4798 satisfa-

1592 4833 1843 4912 Gareston
1922 4855 2063 4900 cere
2108 4833 2445 4920 disposuit.
2538 4835 2629 4898 Vi
2674 4835 3042 4920 compulsus
3077 4835 3426 4920 praefatum
3457 4833 3730 4900 Petrum
3765 4839 4010 4900 terram

1588 4917 1863 5018 {²53anssss
1922 4937 2233 5022 abjurare„
2282 4935 2597 5022 permisit,
2658 4937 2781 5000 tali
2827 4937 3092 5022 quidem
3139 4939 3510 5004 conditione
3557 4961 3596 5002 a
3639 4937 4006 5004 Baronibus

1536 5111 1543 5116 κ
1586 5035 1823 5148 Εὲἧέἃῡᾱ
1924 5039 2049 5102 sibi
2102 5039 2425 5126 imposita,
2476 5041 2651 5126 quod
2710 5041 2769 5104 si
2821 5039 3104 5104 ulterius
3165 5041 3234 5104 in
3297 5039 3558 5126 Anglia,
3623 5043 3734 5106 vel
3793 5041 4014 5126 aliqua

1590 5103 1761 5230 lami
1920 5145 2095 5206 terra
2170 5143 2487 5226 potestati
2582 5141 2779 5226 Regis
2853 5141 3116 5228 Angliae
3191 5143 3502 5228 subjecta,
3579 5143 4010 5220 inveniretur,

1922 5245 2171 5322 statim,
2220 5249 2287 5308 et
2330 5249 2649 5330 tanquam
2708 5243 3010 5328 publicus
3055 5249 3248 5310 terrae
3305 5245 3628 5322 inimicus
3679 5245 4016 5310 damnere-

1920 5351 2047 5410 tur.
2144 5343 2281 5410 Sub
2344 5347 2459 5412 illa
2506 5347 2773 5432 quidem
2819 5345 3212 5424 conditione,
3271 5348 3428 5412 dato
3483 5347 3608 5412 sibi
3671 5349 4016 5424 conductu,

1922 5471 1961 5514 a
2018 5471 2217 5536 regno
2280 5451 2537 5538 Angliae
2606 5449 2790 5530 exiit,
2861 5455 2928 5516 et
3003 5457 3248 5514 terram
3317 5449 3636 5530 Franciae,
3713 5451 4014 5514 morandi

1588 5565 1699 5614 The
1724 5565 1867 5630 King
1918 5553 2151 5638 gratia,
2196 5553 2493 5618 intravit.
2600 5553 2747 5632 Quo
2811 5553 3056 5632 auditO,
3125 5553 3270 5618 Rex
3337 5553 3634 5618 Franciae
3695 5553 4016 5618 ministris

1588 5633 1647 5682 of
1660 5631 1853 5682 anoe
1920 5655 2055 5720 suis
2096 5655 2537 5720 incontinenti
2582 5653 2950 5730 mandavit,
2999 5659 3076 5718 ut
3119 5655 3492 5742 ubicunque
3515 5655 3824 5718 xinveniri
3871 5675 4014 5740 pos-

1586 5699 1837 5748 threatens

1584 5765 1693 5814 him
1714 5767 1839 5816 with
1922 5765 2041 5838 set,
2090 5763 2431 5844 caperetur
2488 5763 2553 5824 et
2616 5757 2737 5820 sub
2801 5757 2984 5822 salva
3043 5757 3344 5822 custodia
3393 5760 3764 5844 poneretur,
3813 5757 4018 5822 sciens

1588 5847 1885 5898 vongeance.

2332 6029 2347 6060 ³
2374 6029 2425 6076 in
2452 6027 2529 6078 die
2552 6029 2605 6076 in
2626 6027 2749 6078 diem
2770 6027 2824 6076 in
2849 6027 2974 6092 orig.
2999 6047 3014 6086 3
3049 6029 3118 6090 by
3139 6027 3508 6078 inadvcrtence.

4301 5997 4324 6090 ἣ*
