5559 8242
1884 2051 2013 2120 278
2426 2063 2735 2114 ANNALES
2776 2061 3066 2112 RIOARDI
3113 2063 3428 2126 sncUNm,

1554 2261 1859 2314 A.D.1399.
1974 2253 2065 2316 Et
2110 2251 2415 2336 quoniam
2446 2249 2800 2316 videbatur
2845 2249 3150 2316 omnibus
3193 2251 3380 2336 regni
3425 2249 3722 2328 statibus,
3773 2269 3966 2336 super

1556 2367 1669 2418 The
1684 2373 1861 2418 estates
1884 2355 2013 2418 hiis
2080 2355 2371 2418 articulis
2436 2353 2826 2440 singillatim
2871 2375 2946 2418 ac
2991 2351 3012 2390 ¹
3037 2355 3468 2420 communiter
3519 2353 3966 2440 interrogatiS,

1554 2435 1715 2552 ἓξὲξ
1728 2517 1847 2554 con·
1888 2461 2061 2544 quod
2092 2457 2223 2524 illae
2254 2481 2465 2524 causae
2504 2459 2852 2522 criminum
2885 2461 2952 2524 et
2981 2457 3352 2524 defectuum
3397 2459 3588 2522 erant
3633 2457 3794 2522 satis
3839 2457 3972 2522 suf-

1558 2577 1669 2618 sent
1690 2577 1741 2620 to
1758 2571 1845 2622 the
1888 2563 2177 2628 ficientes
2224 2567 2291 2628 et
2350 2563 2623 2628 notoriae
2684 2564 2769 2627 ad
2837 2563 3294 2648 deponendum
3361 2563 3640 2628 eundem
3701 2561 3968 2648 Regem,

1556 2637 1835 2768 333⁸?ng
1888 2669 2151 2732 attenta
2194 2665 2397 2730 etiam
2440 2687 2559 2730 sua
2588 2667 2984 2730 consessione
3027 2687 3220 2752 super
3255 2667 3458 2754 ipsius
3491 2665 3972 2744 insufficientia,

1554 2769 1789 2822 Richard.
1890 2775 1957 2834 et
2020 2769 2167 2834 aliis
2228 2769 2303 2832 in
2370 2769 2549 2832 dicta
2610 2769 3110 2834 renunciatione
3175 2773 3240 2834 et
3305 2769 3584 2834 cessione
3629 2769 3974 2846 contentiS,

1890 2877 2193 2960 patenter
2238 2871 2487 2948 emissa,
2518 2895 2741 2938 omnes
2782 2877 2996 2940 status
3039 2873 3340 2960 praedicti
3377 2873 3782 2940 unanimiter
3827 2897 3976 2940 con-

1894 2979 2249 3054 senserunt,
2280 2979 2361 3040 ut
2400 2999 2485 3040 ex
2530 2977 2900 3042 abundanti
2947 2979 3032 3042 ad
3079 2979 3554 3064 depositionem
3585 2978 3746 3042 dicti
3779 2977 3978 3064 Regis

1894 3080 2361 3166 procederetur,
2422 3101 2541 3166 pro
2620 3077 2854 3164 majori
2929 3081 3282 3146 securitate
3353 3087 3420 3146 et
3493 3081 3980 3166 tranquillitate

1894 3183 2139 3270 populi,
2184 3189 2255 3250 61,
2318 3183 2505 3270 regni
2574 3183 2928 3260 commodo,
2977 3183 3004 3216 2
3025 3183 3368 3264 facienda3
3437 3185 3608 3250 unde
3655 3187 3866 3248 status
3913 3189 3980 3248 et

1896 3287 2397 3352 communitates
2446 3285 2749 3372 praedicti
2817 3291 3028 3350 certos
3095 3285 3604 3366 Commissarios,
3659 3287 3980 3364 videlicet,

1896 3389 1923 3426 ³
1954 3389 2407 3478 [Episcopum]
2498 3391 2954 3470 Assavensem,
3019 3389 3366 3464 'Abbatem
3441 3389 3978 3468 Glastoniensem,

1566 3495 1711 3578 Tney
1732 3515 1818 3564 ap-
1900 3493 2225 3558 Comitem
2258 3493 2701 3570 Gloucestriae,
2730 3493 3092 3558 Dominum
3139 3493 3220 3558 de
3269 3493 3616 3578 Berkeley,
3665 3493 3982 3558 Thomam

1564 3575 1815 3686 {¹323me
1900 3597 2339 3684 Erpyngham,
2386 3603 2453 3664 et
2498 3597 2816 3664 Thomam
2873 3597 3070 3682 Gray,
3113 3597 3374 3676 milites,
3447 3601 3514 3662 et
3577 3597 3980 3664 Willelmum

1570 3705 1761 3752 sioners
1784 3709 1837 3750 ‘⁶0
1898 3701 2273 3790 Thernyng,
2306 3699 2353 3766 J
2358 3701 2783 3780 usticiarium,
2833 3699 3236 3768 unanimiter
3281 3705 3352 3766 et·
3389 3701 3792 3768 concorditer
3833 3725 3982 3768 con-

1566 3785 1861 3888 ξέξῗὲἒὲθ
1896 3807 2259 3872 stituerunt
2310 3811 2377 3872 61,
2430 3807 2858 3894 deputarunt,
2935 3805 2960 3842 4
2989 3805 3250 3890 publice
3325 3809 3482 3870 tunc
3559 3805 3820 3884 ibidem,
3899 3807 3982 3870 ad

1898 3909 2233 3974 ferendum
2278 3911 2673 3974 sententiam
2720 3909 3146 3996 depositionis
3191 3907 3580 3994 hujusmodi,
3631 3917 3700 3974 et
3745 3909 3830 3972 ad
3877 3911 3986 3974 de-

1898 4013 2273 4102 ponendum
2302 4015 2581 4078 eundem
2614 4013 2990 4092 Ricardum,
3017 4011 3284 4100 Regem,
3315 4013 3398 4078 ab
3431 4013 3610 4078 omni
3641 4011 3984 4100 dignitate,

1896 4117 2251 4202 majestate,
2286 4119 2353 4182 et
2390 4119 2651 4194 honore,
2692 4117 2910 4202 regiis,
2945 4115 3104 4194 vice,
3139 4117 3424 4194 nomine,
3461 4121 3528 4180 61,
3569 4117 3986 4194 auctoritate,

1902 4221 2191 4286 omnium
2248 4223 2541 4284 statuum
2592 4219 3074 4304 praedictorum,
3143 4223 3344 4306 prout
3405 4219 3480 4282 in
3547 4219 3988 4286 consimilibus

1902 4323 2155 4388 casibus
2220 4323 2245 4358 5
2270 4323 2349 4388 de
2414 4323 2693 4410 antiqua
2756 4323 3232 4388 consuetudine
3297 4323 3460 4386 dicti
3521 4323 3710 4410 regni
3775 4323 3992 4388 fuerat

1904 4427 2335 4492 observatum.

1572 4539 1855 4618 Tne-Com·
1994 4531 2085 4596 Et
2112 4551 2271 4594 mox
2298 4527 2501 4594 iidem
2540 4527 3002 4608 commissarii,
3041 4553 3204 4596 onus
3255 4529 3728 4596 commissionis
3773 4531 3998 4618 hujus-

1570 4623 1809 4724 ss'ssffdfflfflg
1810 4623 1859 4656 rs
1906 4635 2083 4698 modi
2144 4635 2217 4698 in
2268 4655 2335 4698 se
2380 4637 2798 4712 assumentes,
2849 4641 2916 4700 61,
2961 4641 3116 4700 ante
3161 4635 3404 4700 dictam
3449 4635 3668 4700 sedem
3713 4635 3996 4722 regalem

1576 4741 1807 4820 sentence
1830 4741 1891 4790 of
1906 4759 2025 4824 pro
2068 4737 2391 4802 tribunali
2452 4737 2769 4816 sedentes,
2821 4737 3188 4826 praehabita
3245 4761 3440 4826 super
3499 4737 3626 4804 hiis
3689 4737 4002 4804 delibera-

1576 4809 1671 4872 dep
1674 4817 1873 4860 osmon.
1908 4841 2087 4908 tione
2152 4841 2439 4926 aliquali,
2510 4841 2892 4928 hujusmodi
2963 4842 3390 4928 depositionis
3453 4843 3864 4920 sententiam,
3927 4843 4002 4906 in

1910 4943 2169 5032 scriptis
2212 4947 2563 5024 redactam,
2592 4947 2751 5026 vice,
2797 4945 3080 5022 nomine,
3111 4953 3178 5012 et
3209 4945 3620 5024 auctoritate,
3651 4945 3998 5032 praedictis,

1910 5049 2227 5128 tulerunt,
2262 5055 2327 5116 et
2358 5071 2475 5136 per
2520 5049 2773 5114 dictum
2819 5049 3216 5136 Episcopum
3263 5049 3716 5128 Assavensem,
3761 5047 3788 5084 θ
3809 5049 4002 5114 Com-

1912 5155 2297 5232 missarium,
2358 5161 2425 5220 et
2484 5151 2800 5240 collegam
2847 5171 3056 5234 suum,
3125 5156 3398 5220 eandem
3459 5153 3870 5234 sententiam,
3923 5155 4002 5218 de

1912 5255 1933 5292 ⁷
1952 5259 2237 5342 ipsorum
2302 5257 2912 5322 Commissariorum
2957 5257 3308 5326 voluntate
3355 5259 3422 5324 et
3471 5257 3806 5338 mandato,
3865 5255 3996 5342 legi

1916 5363 1983 5424 et
2026 5361 2285 5426 recitari
2320 5361 2635 5440 fecerunt,
2678 5361 2749 5424 in
2795 5359 2936 5426 haec
2981 5361 3182 5426 verba
3211 5385 3316 5426 z--

1914 5497 2219 5506 ‚.-ffl·-—-—--u..-.--—.

3481 5495 3778 5504 fi-—ss—-ae-ss—m--m
3783 5499 3798 5502 -
3803 5499 3920 5504 ——ffi
3925 5499 3952 5504 ,.-
3961 5499 3968 5502 .
3975 5495 3994 5502 00

1984 5571 1999 5602 ¹
2022 5571 2165 5620 etiam
2186 5571 2501 5634 comnmniter,
2524 5571 2579 5620 in
2594 5571 2838 5622 Faustina
2849 5571 2908 5622 Ba
2957 5583 2966 5604 ·‘
3073 5571 3090 5600 4
3115 5571 3202 5620 An
3257 5571 3424 5620 hiatus
3469 5585 3646 5622 occurs
3689 5571 3878 5638 before,
3901 5567 4000 5622 this

1918 5651 1989 5702 ix.
2014 5653 2115 5700 and
2140 5651 2435 5714 Twysden’s
2458 5659 2577 5702 text.
3003 5651 3144 5700 word
3165 5649 3218 5700 in
3239 5649 3370 5714 orig.

1984 5733 2005 5760 2
2024 5729 2295 5778 Indistinct
2326 5731 2383 5778 in
2416 5729 2545 5792 orig.
2568 5749 2581 5788 3
2620 5731 2912 5790 „faciendam
3071 5731 3090 5758 ⁵
3115 5727 3180 5778 ab
3203 5731 3426 5792 antiqua,
3449 5729 3504 5778 in
3527 5727 3770 5778 Faustina
3791 5729 3852 5778 B.
3877 5729 3948 5778 ix.

1918 5809 1975 5860 in.
2008 5809 2251 5860 Faustina
2282 5809 2345 5860 Β.
2362 5809 2433 5858 ix.
2480 5811 2581 5858 and
2618 5807 2912 5874 Twysden's
3071 5811 3092 5838 ⁶
3119 5807 3598 5858 Concommissarium
3613 5807 3668 5856 in
3683 5807 3924 5858 Faustina
3937 5809 3998 5858 Β.

1918 5895 2041 5938 text.
3001 5889 3076 5940 ix.

1986 5971 2005 5998 ³
2032 5967 2253 6018 Omitted
2274 5967 2329 6018 in
2352 5967 2463 6034 orig
2486 5989 2501 6028 ς
2536 5967 2765 6032 supplied
2782 5967 2910 6018 from
3071 5971 3088 5998 '¹
3111 5967 3216 6032 apso
3257 5967 3314 6018 in
3357 5967 3482 6032 orig.
3509 5987 3524 6026 3
3571 5969 3826 6018 corrected
3867 5969 4000 6018 from

1920 6049 2163 6100 Faustina
2176 6049 2239 6098 B.
2254 6049 2325 6100 ix.
2346 6047 2443 6100 and
2468 6047 2763 6114 Twysden's
2787 6057 2912 6102 text.
3001 6045 3242 6098 Faustina
3263 6047 3324 6100 B.
3347 6045 3422 6100 ix,
3445 6049 3544 6096 and
3561 6045 3854 6114 Twysden’s
3877 6055 4004 6098 text.
