5559 8242
2295 2101 2498 2148 LIBER
2543 2101 2634 2148 DE
2677 2099 3297 2148 BENEFAcToRfflUS.
3710 2091 3835 2152 461

1851 2289 2172 2354 Henricus
2219 2289 2298 2352 de
2347 2289 2626 2354 Ber-tone
2675 2289 2859 2352 dedit
2904 2287 3055 2352 huic
3100 2287 3421 2364 Ecclesiae,
3468 2309 3583 2374 pro
3630 2289 3841 2352 salute

1763 2393 2000 2456 animae
2043 2413 2196 2470 suae,
2245 2391 2618 2476 quindecim
2663 2391 2877 2454 librae.

1851 2493 2184 2560 Galfridus
2279 2493 2600 2580 Stukeley
2673 2493 2923 2580 legavit
3002 2493 3393 2568 Conventui,
3450 2515 3567 2580 pro
3628 2495 3837 2558 salute

1761 2599 1996 2660 animae
2045 2617 2198 2676 suae,
2247 2603 2508 2662 centum
2553 2595 2809 2662 solidos,

1813 2697 2166 2760 'Ricardus
2227 2697 2512 2762 Odiham
2573 2697 2857 2762 contulit
2918 2697 3001 2760 ad
3056 2719 3217 2782 opus
3274 2697 3537 2760 claustri
3588 2695 3835 2780 viginti

1759 2823 2026 2874 marcas,
2085 2823 2202 2886 pro
2249 2799 2592 2864 animabus
2639 2799 2995 2862 amicorum
3042 2821 3321 2862 suorum.
3444 2799 3647 2876 Idem,
3694 2821 3841 2862 cum.

1761 2925 1960 2966 uxore
2007 2925 2138 2978 sua,
2179 2901 2478 2978 Avelina,
2521 2901 2704 2964 dedit
2749 2901 3031 2964 Domino
3062 2901 3345 2978 Thomee,
3384 2901 3653 2980 Abbati,
3698 2923 3843 2964 cen-

1759 3009 1902 3066 tum
1937 3003 2178 3066 solidos
2221 3023 2338 3086 pro
2381 3001 2726 3064 animabus
2775 3001 3133 3064 amicorum
3186 3021 3471 3078 suorum,
3498 3002 3837 3078 soba-nnis,

1761 3105 2122 3180 Cristianae,
2173 3111 2240 3168 et
2281 3103 2600 3170 Nicholai.
2679 3103 2873 3188 Idem
2916 3103 3193 3168 contulit
3238 3105 3621 3168 multotiens
3668 3103 3839 3168 Con-

1757 3207 1988 3272 ventui
2033 3209 2284 3284 vinum,
2327 3207 2596 3282 fructUS,
2645 3211 2712 3270 et
2743 3187 2889 3282 alia,
2932 3229 3081 3290 quae
3126 3205 3505 3270 Conventus
3550 3207 3837 3292 inopiam

1755 3311 2144 3374 relevarunt.
2267 3309 2470 3372 Dedit
2531 3309 2797 3392 insuper
2844 3307 3149 3372 Ecclesiae
3198 3307 3363 3372 duas
3420 3331 3691 3394 paruras
3756 3309 3837 3372 de

1751 3435 1972 3496 panno
2017 3431 2230 3486 aureO,
2279 3411 2510 3474 coloris
2553 3409 2772 3474 blodii‘
2806 3409 3089 3496 pretiosi.

1847 3513 2172 3578 Robertus
2241 3513 2670 3588 Warbeltone,
2733 3513 2893 3576 civis
2970 3513 3477 3590 Londoniarum,
3554 3513 3835 3578 contulit

1757 3615 2060 3680 Ecclesiae
2105 3621 2252 3680 octo
2297 3615 2512 3680 libras,

1843 3717 1890 3780 J
1893 3717 2178 3782 ohannes
2237 3717 2564 3796 FurneuX,
2615 3715 2776 3780 civis
2842 3717 3345 3794 Londoniarum,
3410 3717 3689 3782 contulit
3750 3717 3833 3780 ad

1755 3841 1916 3904 opus
1971 3819 2242 3884 claustri
2287 3825 2554 3884 centum
2601 3819 2859 3882 solidos.

1845 3921 2204 3986 'Willelmus
2249 3923 2326 3986 de
2373 3921 2572 4006 Bury,
2635 3921 2921 4006 piscator
2982 3919 3489 4002 Londoniarum,
3552 3921 3829 3986 contulit

1751 4023 1904 4088 huic
1951 4023 2350 4090 Monasterio
2393 4029 2660 4088 centum
2705 4023 2959 4088 solidos„
3222 4013 3357 4204 As

1841 4127 2056 4190 Adam
2087 4127 2348 4212 Raulyn
2391 4129 2470 4192 de
2513 4127 2754 4192 Sancto
2792 4127 3069 4204 AlbanO,
3116 4131 3183 4190 et
3310 4125 3449 4204 icia,
3492 4149 3657 4190 uxor
3692 4149 3825 4206 sua,

1751 4231 2168 4296 contulerunt
2255 4233 2510 4316 pelvem
2589 4235 2969 4314 argenteam
3046 4251 3191 4314 quae
3280 4231 3525 4314 pendet
3612 4253 3827 4294 coram

1747 4333 1818 4394 M
1823 4337 2060 4416 artyre,
2107 4335 2190 4398 ad
2237 4353 2546 4416 magnum
2591 4331 2901 4396 honorem
2950 4331 3269 4408 Ecclesiae,
3330 4335 3399 4396 et
3454 4331 3829 4416 frequenter

1749 4455 2016 4518 magnas
2061 4455 2346 4498 summas
2391 4431 2648 4520 argenti
2695 4433 2780 4496 ad
2844 4433 3099 4496 diversa
3160 4453 3351 4518 opera
3398 4431 3823 4512 Monasterii3

1743 4557 1822 4618 ac
1853 4537 1924 4598 in
1955 4535 2098 4598 vita
2129 4533 2148 4570 ¹
2171 4559 2288 4600 sua
2335 4535 2708 4600 Conventui
2751 4533 3125 4616 benefacere
3154 4557 3287 4600 non
3318 4541 3665 4598 cessarunt.
3744 4535 3825 4596 In

1747 4643 1958 4702 morte
2003 4637 2206 4700 etiam
2251 4645 2516 4702 centum
2563 4635 2805 4702 solidos
2854 4637 3225 4700 Conventui
3272 4639 3667 4724 legaverunt.

1835 4739 2204 4806 Willelmus
2237 4741 2558 4804 Fuinnere
2589 4739 2837 4824 legavit
2870 4739 3239 4804 Conventui
3272 4745 3537 4804 centum
3566 4737 3819 4814 solido&

1747 4849 1814 4906 et
1857 4843 2120 4906 fabricae
2167 4843 2468 4906 Ecclesiae
2513 4847 2774 4904 centum
2824 4841 3059 4904 solidos
3088 4865 3103 4920 ;
3152 4847 3219 4906 et
3262 4841 3497 4906 lumini
3542 4841 3821 4926 Capellae

1745 4945 2002 5010 Sanctae
2053 4943 2276 5010 Mariae
2321 4965 2522 5008 unam
2567 4965 2871 5020 marcam,
2922 4947 2987 5004 et
3034 4965 3265 5006 zonam
3310 4947 3701 5028 argenteam.

1833 5047 2198 5110 Willelmus
2245 5045 2514 5130 Martyn
2561 5043 2843 5110 contulit
2904 5043 2987 5106 ad
3034 5067 3193 5130 opus
3252 5043 3519 5110 claustri
3578 5045 3819 5130 viginti

1745 5149 2018 5228 solid083
2063 5155 2130 5214 et
2159 5149 2230 5212 in
2281 5153 2490 5214 morte
2531 5147 2776 5232 legavit
2820 5147 3133 5212 fratribus
3172 5147 3285 5230 qui
3314 5147 3603 5212 laborem
3648 5147 3823 5210 subi-

1741 5253 1874 5316 turi
1921 5255 2108 5314 erant
2135 5251 2210 5312 in
2237 5251 2526 5334 legendis
2559 5249 2989 5326 Passionjbus‚
3024 5271 3227 5310 unum
3260 5253 3705 5312 tenementum
3750 5251 3819 5310 in

1743 5355 1886 5418 vico
1931 5351 1958 5388 2
2585 5403 2600 5426 ,
2645 5351 2825 5436 quod
2864 5353 3047 5420 ,valet
3094 5355 3381 5434 quatuor
3426 5349 3665 5414 solidos
3710 5373 3821 5436 per

1739 5475 2024 5532 annum3
2069 5457 2162 5532 ut,
2195 5453 2510 5532 videlicet,
2543 5457 2923 5538 praecentor,
2954 5451 3069 5538 qui
3094 5475 3213 5538 pro
3242 5457 3531 5538 tempore
3558 5451 3819 5516 futurus

1739 5561 1922 5632 esset,
1951 5555 2106 5620 inde
2153 5555 2522 5642 disponeret
2565 5577 2682 5640 pro
2713 5555 2949 5640 majori
2976 5555 3313 5620 commodo
3342 5553 3621 5620 fratrum
3650 5577 3815 5642 prae-

1741 5659 2076 5722 dictorum.

1805 5855 1820 5886 ¹
1845 5871 1902 5900 su
1945 5853 2002 5900 in
2041 5853 2170 5918 orig.
2197 5875 2210 5914 ;
2255 5855 2512 5904 corrected
2551 5853 2608 5902 in
2647 5853 2732 5902 the
2820 5853 2907 5904 but
2922 5853 2977 5900 in
2994 5853 3077 5902 the
3092 5853 3291 5916 margin
3314 5853 3415 5902 “de
3438 5851 3819 5916 Sopwellelane”

1739 5931 1956 5994 margin,
1977 5931 2030 5980 in
2055 5949 2084 5982 a
2107 5935 2232 5982 later
2249 5931 2400 5982 hand„
2818 5931 2859 5982 is
2880 5933 3117 5992 inserted,
3142 5933 3195 5980 in
3218 5949 3249 5980 a
3268 5933 3399 5980 later
3420 5931 3573 5982 hand.

1801 6011 1820 6036 ²
1847 6011 1958 6060 The
1987 6027 2134 6060 name
2169 6011 2216 6060 is
2249 6011 2456 6060 omitted
2477 6013 2530 6060 in
2555 6013 2682 6074 orig.
2711 6033 2724 6070 3
