5559 8242
1870 2049 1997 2114 342
2428 2061 2743 2112 ANNALES
2789 2061 3084 2114 -HENRIOI
3129 2063 3408 2128 QUARTI,

1534 2265 1671 2316 ΑΛ).
1700 2265 1843 2310 1402.
1868 2253 1983 2334 qui
2030 2273 2177 2316 cum
2222 2251 2473 2338 praedas
2536 2251 2840 2336 egissent,
2911 2253 3252 2334 multaque
3311 2251 3486 2316 mala
3529 2249 3858 2326 fecissent,
3905 2259 3974 2314 et

1534 2349 1829 2466 ῐὶἒθΟΒίῗᾈῖΡ
1868 2353 2139 2420 rediisse
2156 2355 2665 2438 disposuissent,
2694 2375 2814 2438 per
2837 2355 3236 2438 Episcopum
3259 2353 3776 2434 Karleolensem,
3805 2353 3826 2388 ¹
3847 2355 3974 2438 [et]

1538 2433 1637 2532 {nd
1658 2431 1837 2536 ἓῖἐέῑξ
1870 2455 2033 2520 alios
2092 2457 2317 2522 fideles
2372 2461 2441 2522 et
2490 2457 2731 2542 probos
2793 2457 3050 2540 patriae,
3107 2457 3222 2540 qui
3285 2457 3410 2520 sibi
3473 2455 3976 2532 constituerant,

1872 2557 2083 2622 ducis
2104 2557 2389 2640 nomine,
2420 2559 2633 2622 filium
2676 2557 2948 2622 Domini
2997 2557 3264 2622 Thomae
3297 2559 3522 2644 Percy,
3563 2559 3678 2644 qui
3727 2555 3980 2624 obierat

1874 2659 1949 2722 in
2000 2661 2343 2746 Hispania,
2412 2661 2559 2744 (qui
2628 2659 2757 2724 fuit
2819 2659 2998 2724 filius
3065 2659 3336 2724 Domini
3407 2659 3684 2724 Henrici
3753 2661 4024 2744 Percy,.

1878 2759 2159 2824 Comitis
2228 2759 2295 2822 N
2298 2759 2773 2844 orthumbriae),
2833 2761 3268 2826 circumventi
3331 2765 3506 2838 sunt,
3553 2765 3622 2826 et
3669 2761 3982 2846 superati,

1882 2865 1951 2924 et
1994 2883 2083 2926 ex
2124 2861 2415 2924 maxima
2460 2865 2643 2944 parte
2690 2863 3026 2946 captivati.

1554 2981 1711 3042 Great
1902 2995 1905 2998 ·
1974 2961 2059 3024 In
2118 2961 2285 3026 festo
2354 2961 2421 3024 N
2424 2961 2753 3028 ativitatis
2831 2963 3062 3030 Sancti
3123 2963 3168 3028 J
3171 2961 3448 3026 ohannis
3509 2961 3854 3048 Baptistae,
3901 2963 3986 3028 ab

1548 3049 1827 3178 {ffffflegffff-
1884 3065 2045 3128 hora
2088 3065 2287 3128 tertia
2330 3087 2537 3150 usque
2596 3063 2671 3126 in
2734 3065 2964 3130 horam
3035 3067 3310 3142 sextam,
3359 3065 3640 3132 extitere
3687 3067 3988 3130 tonitrua

1552 3181 1693 3244 ning.
1886 3171 1955 3230 et
1996 3167 2289 3252 undique
2336 3167 2771 3232 discurrentes
2817 3169 3002 3252 ignes
3049 3167 3428 3252 fulgurum3
3491 3171 3570 3230 ut
3615 3167 3846 3232 multis
3889 3165 3992 3232 in-

1554 3287 1805 3336 Mischief
1886 3271 2063 3332 stare
2136 3269 2477 3334 videretur
2554 3269 2864 3334 ultimum
2941 3269 3360 3334 terribilium.
3455 3269 3600 3348 Quo
3679 3267 3990 3354 tempore,

1554 3357 1863 3486 ἓξῇθὲἒὶζὶἶῃ
1890 3371 2065 3458 apud
2118 3373 2593 3452 Hertfordiam,
2644 3377 2936 3458 tempore
3003 3373 3224 3438 Missae
3287 3373 3618 3450 solemnis,
3665 3373 3992 3458 malignus

1556 3495 1609 3536 to
1630 3489 1715 3540 the
1888 3475 2177 3560 spiritus,
2226 3469 2669 3560 corporaliter,
2716 3481 2796 3538 ut
2851 3475 3232 3560 putabatur,
3279 3477 3608 3558 ingressus
3655 3475 3990 3540 ecclesiam

1556 3557 1837 3676 ᾞῙξξὶξῒξ
1896 3577 2211 3642 Omnium
2274 3575 2681 3654 Sanctorum,
2748 3599 2866 3662 per
2933 3577 3174 3642 scalam
3247 3599 3394 3660 quae
3449 3577 3536 3640 ad
3581 3577 3992 3662 horologium

1560 3699 1611 3740 at
1632 3693 1783 3742 Hert-
1840 3663 1853 3688 ⁹
1894 3679 2023 3744 fuit
2068 3669 2297 3756 erecta,
2330 3679 2625 3744 ascendit
2654 3679 2739 3744 ad
2770 3679 3290 3742 instrumentum
3323 3681 3498 3764 quod
3547 3685 3586 3714 “
3617 3675 3994 3754 crokkum,”

1560 3757 1687 3808 ford.
1896 3781 2191 3856 dicimus,
2238 3783 2305 3844 et
2352 3779 2691 3844 sinistrum
2736 3781 2912 3844 latus
2943 3781 3134 3846 scalae
3179 3781 3274 3846 sic
3319 3781 3636 3846 laceravit
3681 3783 3750 3844 et
3795 3781 4000 3864 scalp-

1896 3883 1999 3962 sit,
2050 3883 2181 3946 acsi
2210 3883 2309 3946 leo
2356 3877 2383 3914 2
2404 3879 2513 3946 vel
2552 3903 2743 3946 ursus
2789 3881 2956 3944 illud
3005 3881 3144 3944 suis
3185 3881 3524 3966 unguibus
3571 3879 3998 3960 3lacerasset3

1902 3985 2343 4070 contrivitque
2402 3987 2581 4050 rotas
2632 3983 3062 4048 instrumenti
3129 4005 3278 4068 quae
3327 3987 3582 4048 motum
3635 3987 3998 4062 causarent,

1902 4093 1969 4152 et
2034 4087 2107 4152 in
2176 4087 2525 4172 campanili
2590 4107 2896 4170 magnam
2949 4085 3210 4150 trabem
3273 4085 3344 4148 in
3413 4089 3602 4168 parte
3659 4083 4002 4170 confregit.

1904 4187 2213 4252 Serviens
2276 4191 2497 4252 autem
2566 4187 2697 4266 ille,
2746 4187 2862 4272 qui
2929 4185 3224 4250 servavit
3287 4185 3714 4272 horologium,
3781 4191 4000 4250 tactus

1904 4289 2055 4374 igne
2098 4289 2395 4374 fulguriS,
2458 4309 2623 4372 pene
2668 4287 2942 4372 perisset
2989 4289 3282 4364 adustus,
3339 4287 3466 4350 nisi
3527 4289 3736 4372 maj-or
3783 4287 4000 4372 gratia

1904 4389 2211 4454 affuisset.
2320 4389 2477 4456 Non
2538 4393 2761 4452 tamen
2811 4389 3024 4452 evasit
3069 4389 3424 4468 laesionem,
3489 4389 3648 4472 quia
3689 4395 3836 4454 toto
3891 4411 4004 4454 suo

1902 4497 2199 4576 tempore
2230 4489 2677 4556 demonstrare
2722 4495 2984 4576 poterat
3027 4491 3128 4556 sui
3175 4491 3460 4576 corporis
3503 4491 3854 4554 ustionem.

1572 4611 1855 4662 visitation
1996 4593 2085 4656 In
2128 4593 2291 4656 festo
2314 4675 2321 4680 .
2342 4591 2569 4656 Sancti
2612 4593 2659 4656 J
2662 4593 2942 4658 ohannis
3005 4597 3074 4656 et
3121 4593 3330 4670 Pauli,
3377 4591 3824 4656 Commissarii
3869 4593 4010 4656 Ab-

1572 4677 1763 4808 {gffiy
1786 4743 1847 4790 of
1902 4697 2083 4760 batis
2112 4695 2485 4780 Rameseye,
2550 4701 2619 4760 et
2686 4695 2976 4780 ejusdem
3021 4695 3146 4760 loci
3193 4695 3512 4776 monachi,
3559 4695 4008 4758 visitaverunt

1576 4809 1879 4862 St.A1ban’s.
1910 4797 2385 4862 Monasterium
2438 4797 2663 4862 Sancti
2734 4797 3024 4878 Albani3
3105 4799 3248 4862 vice
3327 4797 3616 4866 Abbatis
3693 4799 3812 4878 sui,
3893 4797 4008 4884 qui

1912 4903 2209 4964 decretus
2252 4899 2475 4962 fuerat
2520 4899 2852 4964 Visitator
2897 4899 2972 4962 in
3019 4897 3328 4986 Capitulo
3381 4897 3706 4964 Generali.

1582 5013 1887 5092 Adapghter
2002 5003 2129 5066 Per
2174 5001 2297 5066 hoc
2342 5007 2619 5088 tempuS,
2656 5003 2804 5066 Rex
2849 5001 3032 5066 misit
3077 5001 3284 5066 filiam
3331 5023 3534 5082 suam,
3581 5025 3728 5066 cum
3775 5001 4012 5088 grandi

1578 5079 1801 5210 ffeffissg
1916 5109 2253 5190 apparatu,
2284 5105 2369 5168 ad
2404 5103 2739 5168 Coloniam
2770 5103 2798 5138 4
2819 5103 3302 5190 Agrippinam3
3347 5103 3464 5168 ubi
3509 5103 3794 5168 occurrit
3839 5103 4016 5166 filius

1580 5211 1891 5328 Ξιζέἑίἓιέΐῗρ
1918 5207 2343 5292 Imperatoris
2386 5205 2461 5268 in
2506 5213 2828 5292 apparatu
2861 5205 3160 5292 simplici,
3193 5207 3306 5290 qui
3347 5229 3464 5272 nec
3511 5205 3734 5272 decuit
3775 5227 4016 5270 nomen

1584 5345 1841 5412 Emperor.
1918 5311 2095 5376 tanti
2140 5309 2407 5394 fastigii,
2452 5331 2571 5374 nec
2616 5331 2737 5394 par
2805 5315 2946 5374 erat
3011 5309 3086 5372 in
3155 5331 3488 5374 occursum
3533 5311 3762 5374 venire
3805 5313 4016 5374 tantae

1918 5411 2181 5496 virgini.
2278 5411 2403 5490 Ibi,
2470 5423 2701 5478 tamen.
2750 5409 3038 5496 juvenis,
3109 5433 3288 5478 more
3351 5411 3654 5496 regionis,
3709 5409 3736 5446 ⁵
3757 5411 4010 5496 [duxit]

1920 5515 2247 5600 virginem
2312 5514 2383 5578 in
2436 5535 2725 5580 uxorem.
2819 5513 3050 5580 Comes
3097 5535 3254 5598 vero
3301 5515 3382 5578 de
3431 5513 3780 5592 Somerset,
3827 5513 4020 5578 colla-

2000 5817 2019 5848 1
2042 5815 2263 5864 Omitted
2284 5813 2339 5862 in
2362 5813 2433 5862 ori
2438 5829 2487 5880 g.
3089 5815 3110 5842 ⁴
3131 5813 3408 5880 Ayrippam
3431 5813 3486 5862 in
3509 5813 3638 5878 orig.

1994 5897 2013 5924 ²
2036 5897 2199 5944 virsus
2218 5895 2273 5942 in
2298 5895 2427 5958 orig.
3087 5895 3106 5924 ³
3133 5895 3356 5946 Omitted
3375 5893 3430 5942 in
3453 5891 3592 5958 orig.⁴

2000 5977 2019 6004 ⁸
2038 5973 2445 6024 lacerarer-assent
2466 5973 2517 6024 in
2542 5973 2667 6040 orig.
