5559 8242
1878 2009 1961 2070 24
2264 2045 2275 2056 ·
2554 2029 2727 2078 oPUs
2774 2027 3292 2076 CHRONICORUM.

1462 2299 1465 2302 .
1540 2219 1847 2302 11111269.
1876 2207 2083 2274 decim
2128 2211 2329 2278 boves
2360 2213 2583 2278 obesas
2626 2213 2870 2278 furtive
2917 2213 3260 2300 abigebat3
3307 2211 3418 2298 qui
3465 2209 3732 2294 quidem
3761 2209 3964 2274 boves

1538 2313 1687 2364 cattle
1712 2325 1827 2362 exe·
1876 2319 2061 2378 erant
2134 2337 2491 2400 pauperum
2540 2317 2874 2378 hominum
2939 2315 3016 2378 de
3083 2315 3428 2380 001116-ῌίί
3443 2313 3738 2400 Abigens
3761 2311 3794 2336 ”
3855 2335 3968 2398 ap-

1538 2381 1851 2498 ξξῒῗὸζζῃέ,
1876 2415 2173 2502 pellatur,
2236 2417 2351 2500 qui
2410 2439 2613 2502 genus
2674 2417 3168 2504 quadrupedum
3233 2417 3506 2496 furatur,
3569 2415 3736 2480 sicut
3807 2437 3962 2506 {yves

1876 2523 1941 2584 et
2002 2519 2199 2584 boves
2262 2523 2329 2582 et
2394 2517 2413 2554 ¹
2436 2519 2519 2582 iis
2588 2517 3100 2584 similia.-—Erat
3145 2519 3320 2584 enim
3383 2519 3460 2582 de
3523 2517 3958 2604 Dunstaplia3

1876 2623 2057 2706 cujus
2122 2643 2361 2686 nomen
2422 2623 2870 2706 praetermitto,
2967 2623 3262 2708 Cumque
3309 2621 3514 2686 dictos
3559 2623 3760 2686 boves
3821 2621 3958 2684 abi-

1872 2745 2023 2808 gere
2082 2723 2537 2808 proposuisset,
2584 2731 2958 2808 prosecutus
3003 2729 3102 2788 est
3155 2747 3194 2788 a
3239 2725 3708 2810 possessoribus
3751 2745 3958 2810 usque

1876 2827 1957 2890 ad
2014 2825 2455 2890 Redburnam.
2546 2825 2707 2890 Mox
2764 2827 3110 2906 resistitur,
3157 2831 3224 2890 et
3269 2827 3352 2888 ad
3399 2825 3712 2890 Sanctum
3757 2825 3958 2890 Alba-

1874 2949 2035 2992 num
2064 2929 2461 3014 producitur.
2554 2929 2735 2992 Tunc
2772 2929 3054 2994 ballivus
3091 2929 3418 2994 libertatis
3455 2927 3680 2992 Sancti
3713 2927 3958 2992 Albani

1874 3031 2165 3096 litteram
2230 3029 2499 3096 Domini
2562 3031 2773 3118 Regis,
2825 3035 2890 3094 et
2951 3033 3196 3114 regiam
3241 3029 3762 3116 prohibitionem,
3825 3027 3956 3114 legi

1874 3133 2047 3210 fecit,
2086 3133 2303 3216 patria
2342 3133 2581 3218 lingua.
2676 3131 3030 3198 Confestim
3079 3131 3416 3214 capitalem
3449 3133 3656 3196 subiit
3695 3137 3954 3196 senten—

1872 3237 2053 3312 tiam,
2086 3235 2169 3296 ad
2214 3233 2475 3298 laudem
2522 3235 2952 3298 bonorumet
2997 3233 3354 3296 vindictam
3401 3233 3908 3298 malefactorum.

1962 3337 2107 3400 Rex
2136 3357 2307 3414 vero,
2342 3357 2489 3398 cum
2518 3335 2996 3420 tranquillitate
3025 3335 3294 3418 reliquis
3339 3335 3500 3400 vitae
3545 3357 3680 3400 suae
3727 3337 3956 3400 diebus

1872 3439 2165 3522 quietum
2234 3441 2439 3502 otium
2506 3437 2761 3516 ducens,
2811 3439 2912 3500 An
2921 3439 3122 3524 gliam
3191 3431 3536 3514 tractabat,
3599 3459 3822 3522 pacem
3887 3443 3952 3502 et

1862 3541 2195 3624 justitiam
2228 3541 2509 3618 amabat,
2540 3541 2717 3624 pacis
2746 3541 3234 3626 perturbatores
3265 3541 3710 3626 impugnabat.
3779 3539 3954 3604 Reli-

1870 3665 2031 3726 quos
2098 3663 2303 3706 annos
2372 3643 2529 3708 vitae
2594 3665 2729 3708 suae
2795 3647 2862 3706 et
2923 3641 3106 3728 regni
3173 3643 3464 3708 breviter
3531 3639 3558 3676 2
3581 3663 3950 3728 percensere

1868 3745 2049 3822 libet,
2098 3751 2175 3810 ut
2220 3767 2341 3808 nec·
2382 3767 2599 3810 rerum
2662 3745 3030 3830 cognitione
3091 3745 3476 3808 fraudentur
3521 3747 3778 3828 posteri,
3833 3765 3950 3810 nec

1868 3849 1939 3912 in
1984 3847 2009 3882 3
2028 3847 2107 3912 iis
2140 3869 2285 3932 quae
2316 3849 2533 3910 minus
2566 3849 2649 3910 ad
2684 3849 2852 3912 hanc
2891 3847 3230 3912 historiam
3263 3845 3598 3932 pertinent
3633 3847 3950 3934 prolixius

1866 3949 2201 4014 immorari
2248 3951 2485 4014 videar.

1872 4161 2179 4242 Qualiter
2212 4161 2353 4224 Rea:
2398 4161 2713 4228 Francioe
2752 4161 2948 4228 ‘misit
2989 4171 3138 4248 post
3181 4165 3630 4242 Edwardum,
3671 4171 3752 4228 1ιέ
3793 4171 3950 4230 esset

2044 4265 2109 4328 ci
2154 4287 2363 4328 comes
2404 4261 2834 4330 individuus
2877 4267 2964 4332 in
3011 4267 3290 4332 Terram
3331 4265 3676 4332 Sanctam.

1532 4395 1687 4510 {iouis
1714 4393 1827 4454 1X.,
1954 4381 2149 4442 Anno
2182 4379 2545 4444 Dominicae
2578 4381 3064 4446 Incarnationis
3111 4383 3456 4446 millesimo
3505 4381 3948 4446 ducentesimo

1532 4463 1759 4586 Frlffiegf

1530 4595 1743 4656 projeets
1764 4611 1795 4644 a
1868 4583 2435 4670 quinquagesimus
2482 4583 2509 4620 4
2526 4585 2779 4660 tertius,
2843 4585 2986 4648 Rex
3049 4585 3356 4662 Franciae,
3405 4585 3806 4662 LodowicuS,
3851 4607 3950 4648 se-

1534 4661 1767 4710 Crusade.
1866 4687 2149 4752 cundum
2196 4687 2371 4772 quod
2418 4687 2561 4752 Rex
2622 4689 2769 4752 coeli
2819 4693 2884 4752 et
2945 4695 3152 4768 terrae,
3201 4689 3434 4750 mundi
3479 4687 3796 4764 Salvator,
3843 4711 3950 4752 cor

1866 4791 2003 4874 ejus
2046 4791 2509 4870 illustraverat,
2560 4789 2806 4854 salubri
2851 4791 3114 4854 consilio
3159 4791 3374 4870 niXUS,
3423 4797 3512 4854 ut.
3545 4809 3948 4878 paganorum

1864 4899 2185 4958 tumorem
2250 4897 2653 4970 extenuaret,
2700 4895 2962 4958 brutam
3025 4897 3092 4956 613
3123 4893 3452 4958 'hostilem
3505 4895 3942 4958 temeritatem

1864 5019 2085 5060 eorum
2160 4995 2557 5074 retunderet,
2630 5015 2888 5058 necnon
2955 4995 3218 5058 Terram
3285 4995 3608 5072 Sanctam,
3675 4995 3748 5058 in
3817 5015 3944 5080 qua

1864 5099 2167 5164 Salvator
2212 5097 2443 5160 mundi
2500 5097 2814 5182 dignatus
2877 5103 2978 5162 est
3039 5097 3390 5162 visibiliter
3451 5099 3814 5162 conversari
3879 5103 3946 5160 et

1858 5223 1977 5288 pro
2022 5201 2465 5284 redemptione
2526 5199 2800 5262 humani
2867 5199 3122 5284 generis
3187 5199 3368 5276 mori,
3437 5221 3632 5284 quam
3679 5199 3942 5282 quidem

1860 5309 2105 5366 terram
2148 5301 2273 5366 sibi
2322 5301 2697 5386 usurpando
2742 5299 3146 5380 vendicant?
3191 5301 3460 5386 insuper
3505 5307 3572 5364 et
3625 5301 3942 5364 vexillum

1862 5415 2103 5470 sanctae
2152 5403 2391 5482 CruciS,
2440 5403 2513 5466 in
2560 5425 2689 5490 qua
2734 5403 3044 5490 dignatus
3089 5409 3188 5466 est
3233 5403 3414 5482 mori,
3465 5403 3702 5466 crebris
3749 5423 3946 5488 expe-

1862 5507 2223 5572 ditionibus
2294 5507 2367 5568 in
2444 5505 2840 5570 deditionem
2921 5505 3440 5570 Christianitatis
3523 5505 3938 5590 manciparet.

1840 5611 2273 5694 Quapropter
2334 5609 2419 5672 ad
2482 5609 2888 5696 propositum
2957 5589 3148 5672 suum
3217 5609 3728 5672 irrevocabiliter
3771 5631 3942 5672 com-

1922 5811 1937 5838 1
1966 5811 2011 5856 is
2032 5809 2085 5856 in
2110 5807 2235 5870 orig.
3009 5807 3028 5834 4
3051 5807 3194 5856 More
3217 5807 3478 5870 correctly,
3503 5811 3534 5832 “
3551 5807 3806 5868 quartus.”

1920 5889 1943 5916 2
1956 5901 2237 5946 persensere
2260 5885 2313 5934 in
2338 5887 2461 5950 orig.
3007 5889 3026 5916 ⁵
3051 5887 3174 5936 This
3195 5901 3400 5950 passage
3421 5885 3466 5934 is
3487 5885 3804 5950 incomplete.

1924 5963 1943 5994 ³
1966 5965 2083 6014 isin
2104 5967 2227 6030 orig.

1870 4483 2363 4566 septuagesimo,
2396 4481 2511 4566 qui
2556 4487 2655 4544 est
2702 4505 2912 4546 annus
2953 4485 3138 4568 regni
3185 4483 3380 4568 Regis
3427 4483 3700 4546 Henrici
3745 4483 3986 4546 Tertii'

4295 3387 4302 3424 Η
