5559 8242
1522 2435 1763 2488 Norwich

1522 2503 1789 2556 cathedral

1858 2043 1959 2132 28*
2536 2057 2709 2108 orus
2754 2057 3274 2108 onnomeontm.

2162 2305 2259 2370 De
2306 2303 2751 2394 combustione
2799 2301 3076 2368 ecelesiae
3121 2301 3142 2340 ¹
3167 2301 3640 2370 Nomicensojs.

1940 2439 2189 2504 Eodem
2234 2445 2545 2522 tempore,
2578 2439 2818 2502 scilicet
2865 2429 2936 2502 in
2983 2439 3276 2503 crastino·
3313 2439 3540 2503 Sancti
3587 2439 3946 2520 Laurentii,

1510 2571 1555 2620 is
1568 2573 1829 2634 destroyed
1854 2547 1999 2606 orta
2052 2547 2153 2606 est
2198 2543 2533 2606 contentio
2602 2541 2777 2605 inter
2839 2541 3012 2608 cives
3079 2541 3368 2606 Norwici
3437 2547 3504 2606 et
3569 2541 3948 2606 Prioratum

1518 2639 1591 2700 by
1612 2639 1715 2688 fire.

1522 2703 1683 2766 (ΑΒ.

1518 2773 1657 2822 1272.
1668 2775 1693 2836 )

1510 4197 1653 4260 King

1508 4265 1689 4328 Henry

1508 4329 1649 4380 takes
1670 4347 1793 4380 vena

1508 4413 1697 4460 geance
1720 4413 1787 4446 on

1504 4465 1589 4514 the
1600 4463 1819 4516 incendi-

1506 4531 1651 4582 aries.

1852 2643 2155 2728 ejusdem.
2248 2643 2501 2730 Itaque,
2554 2643 2739 2708 hoste
2782 2645 3074 2730 maligno
3133 2643 3514 2730 instigante,
3565 2643 3634 2706 in
3687 2647 3946 2708 tantum

1850 2745 2197 2810 incanduit
2260 2745 2635 2832 indignatio
2688 2767 2912 2812 eorum
2971 2747 3042 2808 in
3105 2745 3498 2824 Prioratum,
3561 2753 3628 2810 et
3707 2767 3948 2810 cornua

1850 2847 2173 2932 superbiae
2248 2871 2487 2924 eorum,
2568 2871 2747 2912 more
2825 2847 3308 2926 2rhinocerotis,
3367 2849 3782 2926 ‚attollentes
3847 2855 3944 2926 ut,

1846 2951 2083 3016 timore
2132 2951 2257 3014 Dei
2300 2951 2685 3036 postpositO,
2730 2955 2946 3016 totam
2991 2951 3338 3030 ecclesiam,
3389 2973 3536 3014 cum
3587 2949 3612 2986 3
3631 2949 3942 3030 aedificiis,

1844 3053 1995 3138 igne
2042 3059 2635 3130 concremaverunt,
2698 3057 2972 3138 excepta
3035 3053 3302 3138 Capella
3347 3053 3576 3118 Sancti
3641 3051 3940 3132 Walteri,

1846 3177 2025 3220 secus
2046 3155 2503 3218 Infirmariam.
2566 3157 2852 3218 Demum
2885 3155 3194 3238 quicquid
3223 3155 3558 3218 residuum
3589 3155 3942 3218 inventum

1842 3257 1991 3336 fuit,
2024 3257 2197 3342 quod
2226 3257 2377 3342 igne
2422 3279 2557 3320 non
2606 3263 2745 3320 erat
2787 3257 3218 3336 combustum,
3251 3261 3332 3320 ut
3369 3279 3694 3334 vasorum,
3743 3255 3942 3320 libro-

1844 3381 2007 3436 rum,
2040 3365 2109 3422 et
2148 3359 2539 3444 hujusmodi,
2572 3359 2771 3422 etiam
2817 3381 3052 3446 cupam
3093 3381 3356 3440 auream
3403 3381 3552 3444 quae
3613 3359 3942 3444 pendebat

1846 3461 1929 3524 ad
1974 3459 2185 3544 majus
2230 3461 2451 3540 altare,
2498 3461 2569 3523 in
2616 3483 2763 3544 qua,
2811 3481 2990 3524 more
3035 3461 3248 3538 solito,
3297 3459 3680 3546 impositum
3727 3459 3942 3524 fuerat

1844 3585 2077 3648 corpus
2108 3561 2541 3642 Dominicum,
2576 3561 2900 3624 violenter
2951 3567 3286 3646 asportare
3331 3585 3466 3624 non
3495 3561 3938 3626 verebanturt

1846 3665 2017 3750 quod
2046 3663 2293 3728 factum
2324 3663 2725 3744 detestabile,
2758 3671 2826 3728 et
2871 3687 2910 3728 a
2945 3663 3336 3730 Christianis
3365 3665 3756 3742 inauditum,
3789 3687 3938 3728 cum

1842 3767 2245 3852 pervenisset
2274 3769 2359 3830 ad
2404 3789 2591 3830 aures
2638 3767 2906 3830 Domini
2955 3767 3150 3852 Regis
3185 3767 3456 3830 Henrici
3503 3767 3730 3844 Tertii,
3763 3767 3940 3832 ultra

1844 3891 2041 3952 quam
2094 3867 2269 3934 credi
2332 3873 2569 3954 potest,
2618 3875 3068 3934 consternatus
3131 3875 3242 3934 est.
3359 3871 3520 3934 Mox
3569 3869 3938 3954 juravit,—

1844 3981 1877 4008 “
1924 3973 2051 4036 Per
2108 3971 2421 4056 pietatem
2470 3973 2613 4050 Dei,
2676 3971 2916 4036 vadam
2977 3977 3044 4036 et
3091 3971 3380 4036 visitabo
3435 3995 3560 4052 eos,
3603 3971 3936 4036 reddendo

1842 4081 1897 4160 “u
1920 4075 2053 4136 illis
2098 4073 2451 4136 secundum
2498 4073 2735 4138 merita
2778 4073 2954 4140 sua-.''

1930 4175 2091 4240 Sine
2180 4197 2377 4254 mora,
2466 4177 2820 4260 assumptis
2909 4197 3126 4240 secum
3205 4175 3462 4242 Comite
3541 4173 3936 4254 Gloverniae,

1842 4277 2155 4356 Gilberto,
2188 4277 2507 4362 Episcopo
2540 4279 2846 4354 Rovensi‚
2877 4301 3024 4342 cum
3073 4301 3200 4342 non
3249 4279 3502 4342 modico
3551 4275 3934 4362 4apparatU,

1842 4401 2067 4446 versus
2114 4379 2495 4444 Norwicum
2538 4379 2667 4444 iter
2714 4379 3008 4464 arripuit.
3103 4381 3398 4464 Cumque
3433 4379 3756 4444 Dominus
3791 4381 3938 4444 Rex

1844 4483 2015 4548 claro
2076 4483 2329 4546 intuitu
2390 4487 2681 4546 sanctam
2742 4483 3074 4546 ecclesiam
3135 4483 3542 4546 combustam
3605 4505 3740 4546 esse
3801 4503 3934 4546 cer-

1840 4593 2041 4662 neret,
2120 4585 2237 4648 vix
2296 4607 2361 4648 se
2422 4587 2814 4668 compescuit
2889 4609 2930 4648 a
3001 4585 3324 4668 lacrymis,
3403 4585 3556 4666 quia
3633 4585 3934 4668 religioso

1842 4687 1867 4722 5
1888 4689 2123 4750 affectu
2188 4709 2331 4750 eam
2392 4687 2727 4770 diligebat.
2787 4683 2846 4720 ’6
2869 4687 3224 4770 Episcopus
3271 4689 3492 4748 autem
3555 4687 3936 4750 anathema-

1840 4789 2077 4856 tizavit
2122 4811 2343 4854 omnes
2388 4789 2539 4854 huic
2584 4791 2755 4854 facto
2787 4791 3278 4854 consentientes.
3375 4787 3740 4854 Confestim
3789 4787 3932 4852 Rex

1838 4893 2215 4976 hujusmodi
2252 4891 2695 4956 malefactores
2738 4891 3240 4956 condemnavit:
3293 4891 3496 4974 aliqui
3545 4911 3768 4954 eorum
3813 4911 3932 4976 per

1840 4993 2265 5082 suspendium
2324 4995 2533 5058 vitam
2608 4995 2930 5078 condigne
2989 4995 3484 5070 exhalaverunt,
3545 4995 3752 5078 aliqui
3815 5013 3932 5078 per

1840 5119 2151 5180 equorum
2212 5097 2723 5172 detractionem,
2752 5097 2956 5182 aliqui
3017 5119 3128 5182 per
3187 5097 3720 5172 combustionem,
3783 5117 3934 5160 con·-

1842 5199 2137 5264 demnati
2196 5203 2371 5262 sunt.
2464 5199 2743 5282 Insuper
2793 5199 3224 5264 communitas
3279 5199 3570 5262 civitatis
3633 5199 3930 5284 ejusdem

1838 5303 1909 5362 in
1938 5299 2151 5362 tribus
2184 5299 2361 5362 mille
2392 5301 2623 5364 marcis
2654 5301 2930 5382 argenti,
2961 5301 3242 5364 ecclesiae
3285 5301 3454 5364 laesae
3501 5301 3674 5364 infra
3705 5299 3930 5384 termi-

1836 5423 1999 5464 num
2054 5399 2077 5434 ⁷
2096 5401 2369 5466 triennii
2418 5401 2820 5476 solvendum,
2873 5401 2956 5464 ad
3009 5401 3340 5466 ecclesiam
3389 5401 3932 5478 reaedificandam,

1840 5523 2095 5586 necnon
2142 5503 2217 5564 in
2262 5523 2393 5566 una
2446 5503 2467 5538 ⁸
2492 5523 2701 5588 cuppa
2746 5523 2960 5580 aurea,
2989 5501 3294 5586 ponderis
3341 5503 3560 5568 decem
3605 5503 3928 5566 librarum

1902 5697 1919 5726 ¹
1940 5697 2249 5744 Norwicensi
2270 5695 2323 5742 in
2348 5697 2471 5760 orig.
2989 5697 3008 5722 ⁵
3029 5691 3314 5758 Episcopus
3353 5693 3624 5760 Roffensz’S,
3677 5695 3732 5744 in
3777 5695 3930 5746 Rish-

1900 5777 1921 5804 2
1944 5775 2257 5824 rinocerontz‘s
2278 5775 2335 5822 in
2356 5775 2481 5838 orig.
2925 5775 3122 5836 anger’s
3151 5771 3418 5822 Chronicle.

1902 5855 1921 5882 ³
1942 5853 2153 5914 edeficiis
2176 5853 2229 5902 in
2250 5853 2373 5916 orig.
2464 5915 2467 5920 Ι
2989 5853 3008 5880 ‘¹
3035 5851 3212 5898 trienni
3231 5849 3286 5898 in
3309 5853 3434 5914 orig.

1900 5931 1921 5960 4
1948 5939 2161 5994 aparatu
2182 5931 2241 5980 in
2264 5931 2389 5994 orig.
2991 5931 3010 5958 ³
3031 5927 3178 5994 culpa
3199 5929 3254 5978 in
3279 5929 3404 5994 orig.

1900 6009 1917 6040 ⁵
1940 6009 2167 6076 affectum
2192 6009 2245 6060 in
2270 6009 2393 6074 orig.
3417 6025 3420 6028 ⁴
