5559 8242
1914 2065 2045 2138 272
2460 2075 2773 2130 ANNALEs
2819 2075 3110 2130 1110111111
3149 2075 3472 2140 8110011111,

1584 2265 2209 2336 A.D.1399.omnium
2254 2271 2323 2332 et
2368 2265 2796 2352 singularium
2843 2283 3262 2352 personarum
3307 2265 3794 2332 communitatis
3833 2261 4002 2352 ejus-

1586 2377 1809 2424 Artieles
1824 2377 1885 2424 of
1916 2369 2065 2432 dem
2116 2369 2303 2454 regni
2348 2369 2792 2434 verisimiliter
2837 2369 3020 2454 sequi
3071 2373 3306 2454 posset.
3401 2369 3566 2434 Cum
3611 2367 3814 2454 igitur
3861 2369 4004 2432 Rex

1584 2441 1871 2492 accusation

1588 2509 1783 2572 against

1586 2577 1729 2640 King

1586 2641 1825 2694 Richard,

1916 2473 2265 2556 praedictus
2310 2471 2685 2556 hujusmodi
2736 2471 2924 2558 regni
2985 2471 3086 2536 sui
3133 2471 3410 2538 Statuta
3453 2473 3824 2538 voluntarie
3855 2493 4008 2534 con-

1916 2577 2293 2652 travenerit,
2360 2597 2493 2640 non
2556 2583 2653 2640 est
2728 2575 3002 2640 dubium
3071 2573 3234 2658 quin
3305 2573 3582 2660 proinde
3649 2573 4006 2660 perjurium

1916 2677 2305 2742 incurrebat.

2010 2781 2199 2852 Item,
2254 2779 2557 2864 quamvis
2602 2781 2882 2866 populus
2927 2781 3114 2864 regni
3157 2775 3440 2864 Angliae,
3491 2779 3714 2864 vigore
3757 2779 4004 2866 ligean-

1918 2883 2033 2946 tiae
2096 2901 2247 2958 suae,
2292 2881 2453 2944 satis
2506 2881 2695 2964 plene
2740 2883 2904 2968 Regi
2951 2903 3066 2946 suo
3111 2885 3422 2946 teneatur
3467 2887 3536 2946 et
3581 2881 4004 2966 astringatur,

1916 2985 2057 3066 ipse
2120 3003 2375 3066 quoque
2430 2983 2577 3046 Rex
2634 2985 2954 3068 populum
3007 3005 3218 3060 suum,
3283 2985 3338 3048 si
3407 2983 3832 3066 quovismodo
3903 2985 4010 3048 de-

1918 3085 2201 3172 liquerit,
2270 3105 2385 3170 per
2454 3085 2631 3170 leges
2704 3091 2773 3150 et
2849 3085 3354 3150 consuetudines
3429 3087 3616 3172 regni
3693 3085 4008 3172 corrigere

1920 3188 2155 3264 valeat,
2194 3195 2261 3252 et
2306 3189 2587 3274 punire3
2648 3195 2876 3252 tamen
2921 3187 3134 3252 dictus
3181 3189 3348 3268 Rex,
3395 3189 3662 3274 cupiens
3707 3189 4008 3274 suppedi-

1922 3297 2081 3368 tare,
2134 3311 2209 3354 ac
2254 3289 2451 3354 nimis
2498 3289 2882 3376 opprimere,
2945 3291 3258 3376 populum
3327 3313 3538 3366 suum,
3599 3297 3674 3354 ut
3739 3291 4008 3354 liberius

1920 3393 2159 3478 exequi
2202 3397 2269 3456 et
2316 3393 2501 3478 sequi
2548 3393 2798 3456 valeret
2863 3411 3016 3456 suae·
3065 3393 3312 3478 ineptae
3357 3397 3426 3454 et
3477 3391 3728 3456 illicitae
3773 3393 4008 3456 volun-

1918 3495 2083 3560 tatis
2140 3493 2507 3570 arbitrium,
2554 3515 2671 3578 per
2722 3515 2870 3558 suas
2915 3495 3174 3558 litteras
3219 3495 3304 3558 ad
3351 3513 3576 3558 omncs
3639 3495 4010 3560 Comitatus

1918 3597 2105 3684 regni
2150 3597 2251 3662 sui
2296 3597 2595 3672 directae,
2638 3597 2890 3660 indixit
2937 3597 3154 3674 etiam,
3201 3601 3268 3660 et
3315 3597 3674 3672 mandavit,
3727 3603 3806 3660 ut
3853 3597 4012 3682 ligei

1916 3701 2021 3764 sui
2078 3701 2467 3784 quicunque,
2520 3705 2659 3762 tam
2706 3699 3080 3784 spirituales
3125 3721 3320 3784 quam
3365 3701 3778 3784 temporaleS,
3833 3705 4010 3764 certa

1908 3803 2287 3886 juramenta
2346 3807 2741 3888 praestarent
2785 3801 2856 3864 in
2901 3825 3140 3888 genere
3203 3823 3352 3886 quae
3421 3803 3514 3866 eis
3577 3801 3842 3864 fuerant
3909 3801 4012 3866 ni-

1918 3905 2127 3968 mium
2178 3903 2421 3982 odiosa,
2454 3927 2729 3988 quaeque
2774 3903 3222 3968 verisimiliter
3269 3923 3532 3968 causare
3593 3909 3854 3988 possent
3901 3903 4010 3966 de-

1920 4005 2351 4070 structionem
2396 4005 2661 4068 finalem
2708 4004 2936 4090 populi
2981 4005 3098 4080 sui,
3151 4009 3218 4068 et
3265 4005 3438 4090 quod
3487 4005 3608 4068 sub
3655 4005 3896 4070 litteris
3941 4009 4010 4068 et

1920 4111 2153 4198 sigillis
2198 4133 2423 4176 eorum
2458 4111 2475 4146 ¹
2488 4111 2942 4196 juramentum
2977 4109 3358 4194 hujusmodi
3403 4109 3794 4176 roborarent.
3887 4109 4014 4174 Cui

1922 4215 2185 4298 quidem
2252 4215 2563 4294 mandato
2630 4213 2810 4296 regio
2889 4215 3164 4300 populus
3227 4215 3416 4300 regni
3481 4211 3582 4278 sui
3653 4213 3870 4298 paruit
3945 4217 4010 4276 et

1924 4317 2239 4392 obedivit,
2286 4337 2369 4380 ne
2414 4317 2619 4400 ipsius
2662 4313 3188 4400 indignationem
3233 4315 3616 4392 incurreret,
3647 4321 3766 4378 aut
3809 4317 4010 4380 offen-

1922 4439 2077 4496 sam,
2112 4439 2185 4482 ac
2232 4415 2435 4480 etiam
2482 4421 2665 4480 metu
2714 4419 2962 4482 mortis,

2014 4523 2205 4596 Item,
2236 4543 2383 4584 cum
2428 4525 2645 4604 partes
2690 4521 2763 4586 in
2809 4519 2948 4584 foro
2995 4519 3444 4602 ecclesiasticO,
3487 4521 3562 4586 in
3589 4521 3798 4586 causis
3839 4543 4012 4586 mere

1924 4623 2371 4688 ecclesiasticis
2446 4627 2513 4686 et
2588 4621 3044 4706 spiritualibus
3111 4623 3470 4706 litiganteS,
3541 4623 4012 4706 prohibitiones

1922 4725 2135 4810 regias
2178 4727 2263 4788 ad
2306 4725 2794 4810 impediendum
2841 4747 3206 4810 processum
3251 4725 3626 4810 legitimum
3669 4725 3740 4788 in
3773 4725 4014 4788 eisdem

1924 4849 1965 4888 a
2028 4827 2429 4892 Cancellario
2492 4827 2753 4912 Angliae
2823 4827 3176 4912 impetrare
3231 4827 3668 4902 laborassent,
3705 4833 3772 4890 et
3837 4827 4014 4890 idem

1926 4927 2383 5008 Cancellarius,
2428 4949 2511 4992 ex
2570 4927 2850 5012 justitia,
2909 4929 2996 4992 ad
3041 4929 3166 4992 hoc
3207 4927 3558 4992 rescribere
3611 4935 3968 4992 recusasset
3997 4953 4012 5006 3

1926 5031 2103 5094 idem
2132 5039 2357 5096 tamen
2388 5031 2551 5106 Rex,
2600 5053 2713 5116 per
2754 5029 3016 5094 litteras
3065 5031 3182 5094 sub
3215 5031 3474 5114 signeto
3505 5049 3638 5108 su0,
3677 5029 4016 5112 judicibus

1928 5133 2371 5196 ecclesiasticis
2436 5131 2816 5216 hujusmodi
2859 5133 3240 5218 frequenter
3305 5133 3604 5196 districte
3657 5131 4014 5218 prohibuit,

1928 5257 2011 5298 ne
2054 5235 2129 5298 in
2158 5235 2365 5298 causis
2404 5233 2779 5318 hujusmodi
2817 5235 3256 5320 procederent,
3303 5235 3646 5298 libertates
3691 5233 4016 5300 ecclesias-

1928 5337 2089 5400 ticas
2134 5337 2209 5400 in
2254 5337 2501 5422 Magna
2548 5337 2798 5402 Charta
2841 5335 3254 5424 approbatas,
3287 5335 3368 5400 ad
3419 5357 3582 5422 quas
3627 5355 4014 5400 conservan-

1930 5439 2047 5502 das
2088 5437 2353 5524 juratus
2404 5437 2737 5516 extiterat,
2799 5439 3106 5524 nequiter
3159 5437 3596 5526 infringendO,
3657 5439 4012 5524 perjurium

1930 5547 1999 5606 et
2042 5541 2439 5606 sententiam
2470 5541 3178 5620 excommunicationiS,
3209 5547 3440 5606 contra
3469 5541 3844 5626 hujusmodi
3875 5543 4014 5608 vio-

1930 5645 2169 5708 latores
2226 5665 2269 5706 a
2326 5643 2569 5710 sanctis
2634 5643 2934 5730 patribus
2995 5643 3248 5722 latam„
3277 5643 3740 5708 damnabiliter
3799 5645 4014 5710 incur-

1930 5747 2149 5810 rendo„

2252 5991 2267 6020 ¹
2278 5991 2563 6056 juramenta
2592 5991 2647 6042 in
2668 5991 2912 6042 Faustina
2933 5991 2994 6040 B.
3017 5991 3090 6042 ix.
3113 5993 3216 6042 and
3237 5991 3534 6056 Twysden's
3553 5997 3678 6042 text.
