5559 8242
2242 2055 2417 2106 OPUS
2462 2055 2984 2108 CHRONICOBUM.
3577 2049 3608 2106 1
3623 2049 3658 2106 5

1554 2243 1865 2328 stultitiis
1898 2241 2323 2320 desisterent3
2368 2247 2749 2308 constanter
2793 2241 3270 2320 comminando,
3307 2243 3482 2328 quod
3527 2241 3656 2306 nisi
3681 2253 3828 2306 A.D‘.²
3849 2241 4016 2332 126513

1554 2345 1877 2410 maturius
1918 2343 2265 2430 praeceptis
2312 2343 2451 2428 ejus
2512 2343 3026 2428 adquiescerent,
3073 2345 3144 2406 in
3191 2343 3312 2408 tali
3359 2345 3498 2408 loco
3545 2365 3654 2408 eos
3999 2345 4004 2348 ’

1552 2445 1913 2526 collocaret,
1970 2451 2047 2510 ut
2094 2467 2307 2532 neque
2354 2445 2507 2508 solis
2570 2467 2783 2530 neque
2831 2445 3002 2510 1111133
3049 2447 3362 2534 beneficio
3409 2445 3654 2532 gaude·

1550 2553 1713 2614 rent,
1804 2547 1915 2612 Sic
1976 2571 2143 2628 suos,
2180 2569 2309 2632 qua
2358 2547 2581 2632 potuit
2632 2547 3068 2626 animositate,
3105 2571 3144 2610 a
3191 2553 3650 2612 torneamento

1548 2649 1959 2734 compescuit,
2014 2655 2093 2712 ut
2140 2673 2263 2716 nec
2310 2649 2677 2716 communis
2736 2673 2980 2736 pugnae
3035 2649 3290 2736 copiam
3335 2649 3644 2728 facerent,

1548 2773 1693 2816 cum
1740 2757 2009 2836 propter
2052 2751 2453 2818 eminentem
2498 2775 2816 2838 guerram,
2867 2759 3014 2818 tum
3059 2757 3326 2840 propter
3367 2775 3452 2816 ne
3495 2773 3648 2838 pro-

1542 2852 1827 2918 vinciam
1876 2875 2091 2916 coram
2140 2877 2207 2918 se
2252 2855 2497 2918 vastari
2544 2855 2804 2918 sineret.

1634 2955 1779 3032 Quo
1812 2955 2059 3034 audite,
2096 2951 2117 2988 ¹
2142 2955 2371 3018 Comes
2406 2955 2798 3034 Gloverniae,
2831 2955 3006 3040 quod
3039 2955 3366 3020 Dominus
3411 2955 3644 3020 Simon
3665 2961 3850 3024 Anger
3873 2963 3934 3012 of

1536 3055 1619 3120 de
1662 3057 1893 3120 Monte
1934 3057 1991 3120 F
1994 3057 2125 3120 orti
2164 3057 2603 3142 prohibuisset
2638 3063 3174 3122 torneamentum
3205 3057 3638 3142 Dunstapliae,
3665 3027 3980 3144 gssfissfssgf

1534 3159 1711 3222 ultra
1748 3173 1945 3244 quam
1984 3159 2161 3224 credi
2200 3159 2425 3246 possit,
2460 3161 2806 3226 incanduit
2849 3163 2990 3246 ejus
3035 3161 3446 3246 indignati03
3493 3183 3640 3226 nec·
3665 3161 3952 3254 ando-otheffl

1530 3285 1669 3324 non
1716 3261 2199 3348 quamplurimi,
2248 3265 2693 3348 praecedentes
2738 3265 2924 3348 equis
2973 3269 3038 3328 et
3093 3263 3308 3340 armis,
3359 3269 3638 3348 turgen»
3663 3227 3868 3280 theman

1532 3369 1635 3426 tes
1692 3363 2231 3450 indignabantur,
2282 3369 2349 3428 et
2414 3365 2631 3428 verbis
2680 3367 3012 3452 probrosis
3073 3365 3632 3444 conviciabantur,

1528 3465 1969 3542 dicentes,———“
2002 3465 2359 3530 Manifeste
2392 3465 2822 3530 ridiculosum
2871 3471 2990 3546 est,
3027 3465 3206 3550 quod
3251 3461 3356 3530 hic
3403 3467 3632 3532 alieni-

1486 3613 1495 3622 ,
1526 3573 1565 3602 “
1598 3591 1767 3654 gena
1806 3569 2017 3634 totius
2056 3567 2647 3656 regnitdominium
2680 3567 2810 3632 sibi
2839 3569 3182 3654 praesumit
3223 3567 3630 3654 subjugare.’'

1524 3669 1759 3734 Comes
1794 3675 2019 3734 autem
2054 3669 2427 3732 Gloverniae
2468 3669 2711 3734 tacitus
2752 3691 2890 3732 rem
2923 3669 3394 3733 considerabat.
3465 3671 3626 3734 Mox
3651 3683 3732 3732 He
3755 3683 3902 3732 with-

1518 3771 1735 3856 ruptis
1798 3771 2115 3836 amicitiis
2182 3771 2499 3856 pristinis,
2568 3791 2717 3834 cum
2789 3769 3250 3854 indignatione
3317 3767 3620 3852 recessit,
3647 3751 3960 3866 {ifffffifflffff

1514 3873 1613 3936 ita
1660 3873 1837 3956 quod
1888 3877 2107 3936 totum
2152 3871 2475 3936 oblivioni
2518 3873 2894 3936 traderetur
2947 3871 3242 3956 pristinae
3291 3873 3620 3954 amicitiae,
3645 3883 3914 3998 Legegster,

3645 3965 3706 3998 an
3801 3965 3848 3998 O·-

1514 3995 1771 4040 necnon
1804 3975 2173 4060 juramenti
2218 3973 2695 4074 confoederatio
2791 3973 3226 4058 Quapropter,
3275 3979 3352 4038 ut
3643 4031 3806 4066 comes
3831 4015 3914 4064 his

1932 4097 1969 4122 “
2176 4127 2267 4138 —--
2294 4089 2537 4152 Exitus
2586 4093 2733 4152 acta
2778 4085 2806 4122 2
2825 4087 3164 4174 probant,''
3311 4083 3316 4086 ’
3641 4097 3834 4146 enemy.

1510 4215 1723 4278 factus
1784 4219 1885 4278 est
1944 4213 2005 4278 ei
2054 4213 2135 4276 de
2198 4217 2431 4278 caetero
2490 4215 2753 4278 hostilis
2813 4211 3160 4292 inimicus3
3217 4233 3610 4300 suorumque

1508 4315 1767 4380 insidiis
1812 4321 2099 4394 necatUS,
2146 4315 2425 4400 egregiae
2472 4315 2830 4402 probitatis
2891 4321 2958 4380 et
3005 4317 3414 4396 constantiae,
3459 4307 3608 4402 pro-

1506 4439 1691 4482 cessu
1736 4419 2071 4504 temporis,
2118 4417 2311 4482 decus
2356 4419 2497 4484 luit.

1566 4683 1879 4766 Qualiter
1936 4683 2159 4748 Comes
2222 4681 2647 4750 Gloucest‘rioe
2708 4681 2735 4718 ³
2752 4679 3230 4750 insidiabatur
3287 4681 3544 4752 Comiti

2344 4783 2739 4852 Leicestiioe.

1582 4921 1783 4984 Anno
1814 4919 2089 4984 Domini
2134 4921 2479 4994 millesimo
2524 4919 2972 4986 ducentesimo
3003 4923 3412 5004 sexagesimo
3455 4915 3598 5006 sepss
3623 4937 3734 4986 The
3755 4937 3878 4986 Earl

1496 5023 1679 5102 time,
1722 5023 1835 5108 qui
1894 5027 1993 5086 est
2038 5043 2255 5086 annus
2298 5023 2485 5108 regni
2514 5021 2733 5110 ,Regis
2780 5023 3060 5086 Hem-ici
3107 5023 3314 5086 Tertii
3357 5021 3384 5060 4
3407 5025 3596 5110 quin·
3621 5005 3850 5120 ἓξδῗθὲἳξ

1492 5125 2103 5212 quagesiniu3,—ab
2150 5125 2265 5188 illa
2308 5125 2431 5202 die,
2464 5127 2531 5188 et
2578 5123 2902 5210 deinceps,
2939 5111 3170 5188 Comes
3217 5125 3594 5190 Gloverniae
3619 5135 3818 5214 designs

1490 5227 1835 5310 cogitabat,
1906 5231 1973 5288 et
2040 5225 2351 5290 affectum
2422 5227 2725 5310 operibus
2799 5227 3240 5312 impendebat,
3313 5247 3458 5288 cum
3519 5225 3594 5288 in
3615 5209 3822 5318 ᾗῇᾒᾚ.
3837 5205 3922 5254 the

1486 5331 1813 5412 potestate
1852 5327 2145 5392 hostium
2188 5327 2535 5392 casualiter
2574 5327 2972 5408 divertisset,
3015 5329 3096 5392 de
3131 5327 3590 5414 superstitiosa
3613 5337 3884 5386 Leicester.

1484 5429 1999 5514 praesumptione
2044 5435 2111 5492 et
2152 5431 2427 5495 audacia
2462 5427 2741 5496 Comitis
2789 5429 3162 5494 Leicestriae
3197 5427 3586 5506 vindicaret,

1474 5523 1763 5616 ⁸eumque
1808 5531 2011 5596 morti
2056 5533 2365 5598 traderet.

1560 5727 1575 5756 ¹
1598 5727 1825 5790 Perhaps
1848 5743 1915 5776 an
1936 5741 2077 5778 error
2098 5727 2175 5776 for
2204 5727 2397 5778 Comite.
2634 5739 2651 5766 ‘²
2674 5737 2822 5786 More
2839 5739 3104 5802 correctly,
3121 5737 3584 5802 “quiuquayesimus

1558 5807 1579 5836 ²
1590 5805 1777 5870 prohat
1792 5807 1837 5856 is
1860 5807 1947 5858 the
1980 5815 2175 5858 correct
2200 5807 2411 5870 reading
2436 5811 2497 5858 of
2578 5819 2611 5844 ‘⁶
2636 5815 2878 5878 primus?
2965 5815 3092 5864 This
3111 5817 3214 5866 line
3235 5814 3280 5862 is
3301 5817 3584 5878 altogether

1488 5883 1573 5934 the
1592 5885 1923 5936 Pentameter.
2578 5901 2667 5942 out
2690 5895 2749 5944 of
2762 5895 2912 5956 place,
2941 5895 3040 5942 and
3067 5899 3190 5942 1265
3215 5893 3260 5942 is
3281 5895 3366 5944 the
3391 5895 3520 5946 date.

1552 5963 1573 5992 ⁹
1594 5965 1921 6016 incidiabaeur
1948 5965 2003 6014 in
2026 5965 2153 6030 orig.
