5559 8242
1931 2077 2060 2138 318
2485 2087 2799 2136 ANNALES
2844 2087 3139 2138 HENRIOI
3184 2085 3465 2154 QUARTI,

1595 2297 1736 2348 AD,
1763 2303 1906 2348 1329,
1933 2281 1968 2308 “
2015 2273 2264 2338 tionem
2305 2273 2482 2358 quod
2527 2271 2582 2336 si
2627 2271 2855 2334 taliter
2892 2269 3147 2336 dictum
3184 2271 3533 2334 Statutum
3576 2275 3919 2356 caperetur
3964 2277 4039 2334 et

1597 2377 1876 2440 Judgment
1935 2385 1970 2410 ‘⁶
2015 2377 2528 2454 confirmaretur,
2563 2373 2648 2436 ad
2693 2375 3045 2438 sententiae
3082 2395 3217 2436 suae
3256 2373 3723 2438 discussionem
3768 2373 4035 2458 profun-

1599 2445 1796 2508 against
1823 2443 1910 2494 the

1601 2525 1832 2560 accusers
1859 2511 1916 2556 of

1937 2483 1976 2512 “
2021 2479 2358 2542 dissimam
2403 2483 2470 2544 et
2517 2473 3079 2562 rigorosissimam,
3126 2495 3261 2538 non
3308 2476 3521 2538 solum
3552 2475 3809 2540 caderet
3842 2497 4039 2562 super

1597 2577 1682 2626 the
1705 2577 1856 2624 Duke
1937 2585 1972 2616 “
2015 2581 2136 2644 has
2197 2601 2504 2664 personas
2563 2577 2981 2664 appellantes,
3028 2575 3143 2640 sed
3186 2597 3385 2664 super
3428 2578 3645 2664 plures
3706 2577 3869 2642 alios
3918 2577 4035 2662 qui

1601 2643 1658 2690 of
1679 2641 1836 2692 011011·-

1601 2715 1774 2758 cester.

1941 2689 1976 2716 “
2023 2683 2414 2760 ceciderunt,
2459 2683 2568 2744 vel
2613 2679 2839 2744 cadere
2892 2683 3269 2764 potuerunt,
3318 2679 3393 2742 in
3450 2677 3575 2742 tali
3636 2701 3807 2756 casn,
3854 2685 4035 2766 post-

1941 2789 1976 2818 “
2027 2805 2228 2866 quam
2291 2781 2544 2846 dictum
2611 2783 2961 2846 Statutum
3020 2781 3153 2844 fuit
3224 2779 3495 2844 editum.
3594 2779 4035 2860 Quamobrem

1937 2893 1972 2916 “
2021 2885 2168 2946 Rex
2231 2883 2414 2946 nullo
2495 2883 2686 2946 modo
2759 2883 2977 2948 voluit
3060 2901 3385 2968 exponere
3446 2885 3589 2946 tam
3648 2883 3893 2946 multos
3956 2883 4041 2946 de=

1939 2991 1974 3018 ‘³
2021 2984 2262 3072 populo
2327 3005 2444 3048 suo
2509 2987 2702 3048 tanto
2771 2984 3057 3068 periculo
3126 2984 3235 3046 vel
3294 2983 3669 3070 perditioni,
3726 2983 3841 3048 sed
3886 2986 4039 3050 vult

1947 3091 1982 3120 “
2027 3087 2238 3150 facere
2299 3107 2492 3150 suum
2549 3085 2875 3172 judicium
2946 3087 3019 3150 in
3082 3085 3357 3168 justitia
3424 3091 3491 3150 et
3558 3085 3825 3164 virtute,
3890 3109 4039 3150 cum

1945 3195 1980 3222 “
2027 3189 2468 3254 misericordia
2547 3193 2612 3252 et
2691 3187 2925 3274 gratia,
2992 3187 3195 3272 juxta
3284 3209 3467 3252 suam
3542 3189 4039 3270 discretionem3

1943 3299 1982 3328 “
2027 3297 2096 3354 et
2161 3291 2464 3376 quamvis
2533 3311 2668 3354 61136
2711 3291 2732 3326 ¹
2753 3291 2971 3374 gratia
3034 3297 3099 3354 et
3162 3287 3609 3354 misericordia
3666 3291 4041 3374 specialiter

1943 3399 1976 3426 “
2021 3393 2152 3456 sibi
2213 3391 2716 3478 approprientur
2751 3393 2975 3476 'supra
3022 3411 3245 3456 omnes
3294 3397 3507 3456 status
3552 3391 3731 3468 alios,
3782 3391 4045 3456 ratione

1941 3503 1976 3528 “
2021 3495 2388 3580 regalitatis
2435 3517 2590 3570 suae,
2645 3499 2871 3558 tamen
2916 3493 2989 3556 in
3034 3493 3349 3576 praesenti
3394 3497 3709 3580 tempore,
3764 3495 4041 3578 aliisque

1943 3605 1974 3632 “
2021 3597 2444 3682 temporibUS,
2477 3619 2626 3662 011111
2657 3597 2787 3660 sibi
2816 3597 3153 3682 placuerit,
3184 3597 3333 3660 vult
3364 3597 3693 3660 consulere
3720 3597 4047 3662 Dominos

1943 3707 1978 3734 “
2025 3723 2174 3766 suos
2219 3701 2302 3764 de
2347 3723 2466 3764 sua
2513 3701 2726 3786 gratia
2771 3699 3081 3776 facienda,
3138 3703 3207 3762 et
3252 3721 3369 3784 per
3414 3699 3589 3764 viam
3636 3699 3893 3764 consilii
3938 3721 4043 3762 eo·-

1941 3811 1976 3836 “
2019 3801 2298 3866 rundem
2329 3801 2690 3888 procedere,
2713 3805 2780 3864 et
2802 3801 3095 3866 2m0tive
3120 3801 3195 3864 in
3224 3807 3629 3888 perpetuum,
3650 3799 4045 3864 reservando

1945 3913 1978 3940 “
2025 3903 2288 3968 sibimet
2331 3927 2468 3970 61136
2507 3903 2738 3990 gratiae
2781 3907 2847 3966 et
2890 3901 3351 3966 misericordiae
3396 3903 3807 3990 dignitatem,
3848 3907 4045 3988 prout

1945 4011 1980 4040 “
2025 4005 2316 4092 pertinet
2369 4005 2578 4070 statui
2623 4025 2738 4068 suo
2790 4003 3009 4090 regali,
3066 4011 3135 4068 et
3196 4009 3273 4068 ut
3334 4005 3555 4066 nullus
3602 4005 3725 4068 hoc
3774 4005 3899 4068 sibi
3946 4003 4051 4066 in-

1943 4117 1978 4140 “
2023 4107 2272 4186 titulet,
2341 4105 2454 4170 sed
2519 4107 2654 4170 sint
2715 4105 2789 4168 in
2850 4127 2967 4170 sua
3028 4105 3291 4188 propria
3358 4107 3723 4170 voluntate.
3836 4105 4051 4190 Super

1943 4215 1978 4244 “
2025 4211 2264 4294 quibus
2325 4209 2598 4272 Domini
2657 4209 2726 4270 in
2792 4205 3239 4272 Parliamento
3300 4209 3633 4292 praesenti,
3696 4209 3897 4294 Regis
3942 4231 4047 4272 as-

1945 4319 1982 4346 “
2027 4333 2240 4386 sensu,
2281 4311 2588 4394 judicant
2633 4315 2700 4374 et
2741 4309 3105 4374 decernunt
3154 4311 3331 4394 quod
3372 4309 3587 4374 Duces
3628 4311 3705 4374 de
3738 4309 4045 4384 Almarle,

1947 4421 1982 4446 “
2029 4413 2296 4496 Surrey,
2319 4417 2384 4476 et
2419 4413 2746 4488 Excestre,
2781 4413 2899 4498 qui
2940 4419 3099 4476 sunt
3134 4413 3241 4476 1110
3272 4419 3643 4496 praesentes,
3678 4417 3747 4476 et
3774 4413 4053 4476 fuerunt

1945 4521 1976 4548 “
2027 4515 2454 4600 appellantes,
2487 4513 2805 4578 amittant
2842 4515 2923 4578 de
2962 4535 3029 4578 se
3076 4517 3141 4578 et
3186 4513 3557 4578 haeredibus
3606 4515 3741 4576 suis
3784 4513 4047 4578 Ducum

1949 4623 1982 4650 “
2029 4617 2298 4680 nomina
2343 4637 2490 4700 quse
2535 4637 2708 4680 nunc
2753 4617 3025 4692 habent,
3060 4621 3127 4680 et
3170 4615 3449 4680 honores
3496 4615 3751 4692 exinde,
3800 4617 4051 4704 pariter

1953 4725 1984 4752 “
2029 4741 2104 4782 ac
2149 4719 2522 4806 dignitates,
2615 4719 2704 4782 Et
2737 4719 2913 4804 quod
2954 4717 3249 4782 Marchio
3284 4717 3365 4782 de
3398 4719 3695 4794 Dorcete,
3730 4719 3845 4802 qui
3886 4739 4053 4804 prae-

1949 4829 1986 4854 “
2031 4841 2178 4884 sens
2245 4827 2362 4902 est,
2427 4821 2694 4886 amittat
2759 4843 2799 4882 a
2868 4841 2935 4884 se
3000 4827 3069 4884 et
3136 4821 3269 4884 suis
3338 4819 3727 4896 haeredibus,
3804 4841 4051 4884 nomen

1949 4927 1982 4956 ‘⁶
2029 4921 2444 4988 Marchionis.
2539 4923 2630 4986 Et
2677 4921 2909 4986 Comes
2950 4921 3407 5010 Gloucestriae‚
3440 4923 3555 5006 qui
3598 4943 3887 5008 praesens
3932 4927 4049 5000 est,

1949 5031 1986 5058 “
2031 5025 2302 5088 amittat
2359 5047 2600 5090 nomen
2663 5011 2961 5102 Comitis,
3018 5027 3085 5088 et
3144 5025 3473 5090 honorem.
3568 5023 3659 5088 Et
3706 5029 3783 5088 ut
3832 5025 4057 5090 omnia

1953 5131 1990 5160 “
2035 5127 2316 5202 castella,
2359 5127 2626 5212 praedia,
2675 5125 2985 5206 dominia,
3036 5131 3101 5190 et
3146 5125 3309 5190 alias
3356 5127 3809 5212 possessiones,
3858 5127 4054 5190 liber-

1953 5235 1986 5260 “
2031 5231 2224 5306 tates,
2271 5229 2462 5308 bona,
2519 5235 2588 5292 et
2649 5227 2907 5306 catalla,
2952 5249 3101 5312 quae
3146 5227 3549 5306 habuerunt,
3600 5229 3681 5292 de
3734 5229 3861 5292 hiis
3906 5249 4053 5312 quae

1955 5337 1988 5362 ‘⁸'
2035 5329 2308 5394 fuerunt
2353 5353 2578 5394 eorum
2621 5351 2787 5414 quos
2832 5331 3345 5414 appellaverant,
3396 5353 3543 5416 quae
3596 5331 4057 5394 forisfecerunt

1957 5439 1992 5464 “
2037 5451 2112 5494 eo
2183 5437 2474 5516 tempore
2545 5457 2584 5496 a
2659 5431 2768 5494 (116
2838 5431 3263 5496 arestationis
3334 5431 3539 5498 Ducis
3626 5433 4057 5500 Gloucestriae

1959 5541 1996 5568 “
2041 5537 2110 5598 et
2173 5535 2454 5598 aliorum
2507 5533 2965 5610 Dominorum,
3014 5534 3123 5598 vel
3168 5539 3423 5620 expost,
3472 5535 3689 5618 aliquo
3740 5543 4051 5622 tempore,

1957 5643 1992 5670 “
2037 5635 2432 5722 simpliciter,
2481 5643 2550 5702 et
2597 5635 2841 5720 absque
2906 5637 3139 5720 gratia,
3202 5638 3313 5700 vel
3378 5637 3843 5716 misericordia,
3896 5637 4051 5718 ulla,

1957 5745 1994 5772 ‘⁶
2039 5737 2336 5824 perdant.
2425 5739 2518 5804 Et
2561 5741 2640 5800 ut
2685 5737 2907 5802 omnia
2946 5737 3079 5802 alia
3120 5737 3403 5816 castella,
3446 5739 3711 5826 praedia,
3744 5739 4053 5820 dominia,

2027 5969 2042 6000 ¹
2069 5967 2400 6036 Apparently,
2421 5971 2554 6036 gyrate·
2575 5967 2630 6018 in
2653 5967 2780 6032 orig.
3044 5967 3055 6034 1
3114 5967 3135 5996 ²
3156 5967 3243 6018 Sic
3266 5967 3321 6018 in
3344 5967 3495 6032 orig.;
3516 5967 3735 6032 perhaps
3762 5969 3837 6018 for
3860 5985 4059 6020 movere.
