5559 8242
1820 2133 1825 2138 .
1864 2087 1991 2150 242
2406 2097 2721 2146 ANNALES
2766 2095 3056 2146 RIOARDI
3103 2097 3426 2162 SECUNDI,

1538 2295 1841 2346 A.D.1399.
1864 2288 2257 2372 praetaxato.
2382 2269 2505 2346 Ille
2582 2301 2759 2360 vero,
2837 2285 3102 2366 accepta
3189 2283 3590 2366 repatriandi
3667 2279 3956 2358 licentia,

1868 2385 2057 2450 venit
2102 2383 2447 2448 Boloniam
2508 2403 2705 2466 supra
2764 2383 2966 2460 Mare,
3011 2405 3160 2448 cum
3203 2381 3706 2468 Archiepiscopo
3753 2403 3956 2466 quon-

1872 2489 2023 2552 dam
2086 2485 2561 2562 Cantuariensi‚
2622 2481 2892 2562 Thema,
2951 2488 3020 2548 et
3085 2483 3224 2550 filio
3307 2483 3586 2550 Comitis
3653 2485 3962 2550 Arunde-

1538 2593 1637 2642 Hiss
1872 2591 1995 2664 1136,
2050 2593 2121 2654 et
2144 2585 2149 2592 ’
2176 2589 2455 2652 haerede.
2548 2585 2717 2652 Cum
2776 2609 2854 2654 eo
2915 2593 3244 2652 venerunt
3303 2589 3574 2672 insuper
3633 2587 3962 2652 Dominus

1538 2659 1823 2774 ἶῖῗῖξῗξῗξ
1878 2691 1899 2728 ¹
1926 2691 2233 2776 [Thomas
2278 2691 2389 2774 de]
2436 2689 2882 2774 Erpyngham,
2945 2689 3134 2754 miles
3175 2689 3464 2754 famosus
3523 2695 3592 2754 et
3653 2691 3962 2776 optimus,

1540 2793 1765 2852 number,
1800 2799 1851 2840 at
1874 2793 1921 2856 J
1924 2791 2209 2856 ohannes
2240 2787 2633 2868 Northburi,
2678 2793 2946 2858 scutifer
2987 2791 3492 2870 valentissimus,
3533 2793 3768 2876 plenus
3809 2813 3964 2880 pru-

1540 2859 1661 2908 first.
1876 2895 2117 2970 dentia,
2166 2899 2249 2970 et,
2300 2898 2375 2957 ut
2434 2889 2796 2974 dicebatur,
2859 2895 3246 2960 divitiarum
3291 2895 3318 2928 2
3347 2893 3746 2986 [opulentia]
3797 2895 3968 2958 divi—

1874 2995 2053 3060 tibus
2094 2993 2555 3082 praeferendus
2646 2991 2912 3062 Horum
2955 2997 3244 3062 consiliis
3275 3019 3340 3062 se
3371 2997 3806 3076 committens,
3851 3021 3968 3060 nec

1876 3099 1951 3162 in
1994 3097 2391 3186 relegatione
2452 3117 2573 3162 nec
2632 3095 2705 3160 in
2762 3099 3134 3164 reversione
3193 3101 3414 3186 potuit
3457 3099 3482 3136 ⁸
3505 3099 3632 3164 sibi
3701 3099 3970 3164 fortuna

1876 3223 2123 3278 nocere,
2154 3203 2269 3266 sed
2298 3204 2537 3264 cuncta
2578 3221 2892 3286 prospera
2933 3201 3092 3266 foris
3139 3206 3210 3265 et
3253 3207 3442 3264 extra
3487 3201 3632 3278 sibi,
3661 3223 3812 3266 cum
3843 3203 3970 3268 Dei

1880 3303 1987 3386 adj
1996 3305 2227 3380 utorio,
2272 3303 2619 3388 contigere.
2712 3303 3054 3368 Venerunt
3085 3325 3340 3388 quoque
3387 3325 3534 3368 cum
3581 3325 3654 3366 eo
3701 3303 3970 3390 quidam

1880 3411 2267 3470 mercatores
2326 3405 2613 3490 Anglici,
2670 3429 2832 3492 quos
2867 3405 3136 3492 *reperit
3197 3405 3266 3468 in
3335 3405 3466 3470 illis
3525 3407 3824 3492 partibus
3887 3407 3972 3470 ad

1882 3509 2373 3592 repatriandum
2424 3509 2743 3594 ‘paratos3
2789 3509 2920 3592 qui,
2971 3531 3120 3572 cum
3183 3507 3438 3592 reliqua
3513 3531 3630 3572 sua
3701 3507 3970 3586 familia,

1880 3615 2079 3694 prout
2126 3609 2387 3688 dicitur,
2448 3631 2587 3674 non
2650 3609 2950 3674 fecerunt
3009 3609 3290 3694 amplius
3339 3631 3536 3694 quam
3603 3609 3972 3694 quindecim

1884 3711 2161 3776 lanceas.
2286 3711 2617 3776 Habuisse
2678 3717 2906 3776 tamen
2949 3711 3264 3796 4[66611111,
3305 3709 3418 3798 ut]
3467 3711 3724 3790 dicitur,
3769 3735 3974 3776 naves

1888 3813 2103 3878 decem
2170 3815 2279 3880 vel
2352 3813 2715 3880 duodecim.
2841 3813 3010 3878 Oum
3067 3813 3192 3876 1136
3249 3819 3392 3878 tam
3459 3835 3668 3900 parva
3749 3837 3972 3894 manu,

1888 3917 2129 3982 mirum
2174 3921 2273 3982 est
2320 3917 2497 4004 quod
2544 3939 2816 4002 regnum
2863 3915 3122 4002 Angliae
3169 3939 3364 3982 ausus
3409 3915 3500 3980 sit
3545 3917 3854 4004 aggredi3
3901 3922 3972 3982 et

1890 4022 2037 4104 plus
2082 4019 2477 4100 mirandum,
2540 4021 2709 4106 quod
2762 4025 2900 4082 tam
2959 4041 3164 4104 parvo
3207 4025 3520 4104 tempore,
3569 4025 3764 4106 prout
3809 4019 3980 4084 dice-

1888 4127 2001 4188 tur
2046 4123 2331 4202 inferius,
2372 4127 2589 4188 totum
2636 4145 2912 4210 regnum
2957 4121 3312 4186 reddiderit
3357 4119 3382 4156 5
3399 4127 3706 4206 pacatum
3751 4123 3892 4186 sibi.

1558 4235 1639 4284 He
1660 4235 1839 4284 hovers
1980 4227 2323 4310 Ingressus
2370 4229 2471 4290 est
2520 4225 2723 4308 igitur
2770 4245 2948 4288 mare
3001 4223 3178 4310 apud
3209 4223 3234 4260 ⁰
3253 4223 3610 4300 Boloniam‚
3661 4229 3744 4302 et,
3791 4225 3980 4288 navi-

1560 4301 1819 4432 }{fgffisffe
1890 4349 2053 4412 gans
2106 4347 2333 4392 versus
2392 4325 2731 4410 Angliam,
2795 4325 3010 4390 noluit
3055 4331 3232 4390 recto
3277 4347 3490 4406 cursu,
3535 4347 3652 4390 nec
3697 4331 3982 4412 repente,

1562 4441 1711 4484 coast.
1892 4435 2137 4494 terram
2190 4429 2565 4514 attingere3
2612 4427 2727 4494 sed
2764 4449 2882 4514 per
2923 4429 3142 4514 plures
3187 4429 3542 4494 amfractus
3583 4429 3742 4494 fecit
3785 4451 3986 4494 naves

1896 4533 2273 4612 discurrere,
2320 4553 2497 4598 nunc
2546 4553 2864 4618 apparens
2909 4533 3216 4622 patriotis
3261 4533 3512 4596 11111113,
3551 4537 3736 4618 parte
3783 4533 3986 4620 regni,

1804 4629 1811 4634 ’
1898 4657 2077 4700 1111116
2122 4635 2193 4698 111
2238 4635 2383 4710 alia,
2414 4643 2493 4698 ut
2538 4635 2798 4698 videret
2843 4635 2902 4698 si
2945 4635 3074 4698 sibi
3093 4635 3298 4722 juxta
3341 4635 3570 4699 littora
3613 4635 3988 4700 resistentia

1898 4743 2255 4824 pararetur.
2344 4737 2621 4802 Auditis
2678 4737 2808 4802 hiis
2861 4737 3232 4802 rumoribus
3275 4759 3392 4824 per
3437 4742 3652 4802 totum
3697 4761 3988 4824 regnum,

1902 4839 2079 4928 quod
2140 4839 2299 4902 Dux
2362 4839 2761 4902 Lancastriae
2825 4839 3020 4904 maris
3067 4840 3204 4904 alta
3249 4845 3518 4916 teneret,
3563 4847 3860 4926 essetque
3905 4839 3988 4902 ad

1572 4931 1751 5046 Gi'sffis
1768 4997 1823 5046 in
1904 4941 1929 4976 ⁷
1950 4941 2443 5028 repatriandum
2486 4947 2771 5026 paratus„
2819 4941 3024 5006 fiebat
3067 4963 3306 5028 magna
3349 4941 3836 5008 communitatis
3883 4963 3992 5004 ex·-

1570 5015 1807 5128 {ngland
1902 5043 2167 5124 ultatiO,
2212 5043 2513 5130 putantis
2548 5043 2868 5106 veraciter
2895 5043 3072 5128 quod
3119 5043 3302 5108 Deus
3343 5043 3518 5106 hunc
3563 5043 3864 5107 mitteret
3909 5043 3990 5106 ad

1572 5131 1651 5178 for
1672 5129 1755 5178 his
1906 5145 2399 5210 dissolvendum
2420 5145 2661 5232 jugum
2690 5145 3032 5210 servitutis
3061 5167 3288 5210 eorum
3317 5135 3734 5232 gravissimae.
3807 5147 3992 5210 Non-

1572 5211 1785 5258 succeSS,

1570 5265 1663 5312 but
1684 5271 1773 5312 not
1910 5247 2071 5312 dum
2140 5247 2163 5284 Β
2188 5247 2469 5334 [tamen]
2544 5271 2741 5314 ausus
2803 5249 2934 5312 fuit
2999 5249 3238 5334 aliquis
3307 5250 3526 5334 palam
3599 5271 3748 5314 cum
3811 5247 3992 5314 Duce

1572 5331 1867 5460 ssssggslg'dfx‘
1906 5349 2137 5430 facere,
2184 5351 2341 5438 quia
2408 5349 2739 5414 nesciebat
2801 5373 2996 5436 quem
3061 5351 3320 5416 exitum
3387 5373 3490 5418 res
3549 5353 3678 5418 ista
3719 5355 3992 5416 teneret,

1976 5559 1991 5586 ¹
2020 5555 2245 5606 Omitted
2260 5557 2315 5606 in
2330 5559 2455 5622 orig.
2488 5577 2503 5616 3
2538 5559 2765 5620 supplied
2782 5559 2912 5608 from
3065 5561 3086 5588 ⁵
3101 5555 3354 5622 placatum
3377 5559 3432 5606 in
3453 5559 3696 5608 Faustina
3717 5559 3778 5606 B.
3803 5558 3874 5608 ix.

1908 5635 2155 5686 Faustina
2174 5637 2237 5688 Β.
2260 5635 2329 5686 ix.
3065 5641 3086 5668 ⁶
3113 5637 3362 5704 Colovgiam
3395 5637 3450 5686 in
3485 5637 3626 5700 orig„
3659 5637 3732 5702 by
3763 5637 3992 5688 inadver-

1976 5715 1995 5744 2
2020 5715 2237 5764 Omitted
2260 5715 2311 5764 in
2326 5715 2447 5780 orig.
2478 5735 2493 5776 ς
2524 5715 2753 5778 supplied
2780 5715 2912 5764 from
2997 5721 3144 5766 tence
3171 5737 3184 5774 3
3223 5717 3482 5766 corrected
3501 5715 3630 5766 from
3663 5715 3908 5766 Faustina
3929 5717 3990 5764 B.

1910 5793 2149 5844 Faustina
2168 5795 2231 5844 B.
2254 5793 2327 5846 ix.
2995 5793 3068 5844 ix.

1976 5877 1995 5904 ³
2018 5873 2065 5922 si
2078 5873 2133 5920 in
2156 5873 2281 5936 orig.
2300 5895 2315 5934 3
2350 5873 2419 5936 by
2440 5871 2806 5922 inadvertence.
3071 5877 3088 5902 ⁷
3105 5873 3430 5922 revertendum
3451 5873 3506 5922 in
3527 5871 3770 5924 Faustina
3791 5875 3858 5926 B.
3881 5875 3952 5924 ix.

1976 5955 1995 5982 ⁴
2020 5949 2239 6000 Omitted
2260 5951 2311 6000 in
2330 5951 2455 6016 orig,
2484 5973 2497 6012 3
2532 5951 2761 6012 supplied
2778 5953 2912 6000 from
3065 5955 3082 5980 ⁸
3107 5953 3326 6002 Omitted
3341 5953 3396 6000 in
3411 5953 3534 6016 orig.
3561 5975 3576 6012 ;
3611 5955 3834 6016 supplied
3863 5955 3992 6002 from

1910 6029 2151 6080 Faustina
2170 6029 2233 6078 B.
2256 6029 2327 6080 ix,
2997 6031 3240 6080 Faustina
3257 6031 3322 6080 B.
3347 6033 3420 6082 ix.
