5559 8242
1826 2041 1957 2106 226
2360 2049 2677 2108 ANNALES
2722 2051 3016 2102 molium
3063 2053 3386 2116 suenum,

1498 2245 1635 2298 ΑΙ).
1662 2249 1803 2294 1398·
1828 2241 2101 2322 nobileS,
2146 2245 2345 2326 prout
2398 2241 2623 2304 decuit
2680 2243 2910 2306 tantos
2971 2239 3216 2330 heroes,
3269 2239 3524 2304 cunctis
3583 2241 3926 2306 orantibus

1830 2367 1949 2430 pro
2018 2343 2437 2430 expeditione
2484 2343 2687 2408 Ducis
2752 2341 3184 2422 Herefordiae,
3245 2343 3650 2428 alteriusque
3717 2341 3926 2426 dejec-

1832 2447 2029 2526 tione,
2064 2447 2223 2532 quia
2268 2443 2519 2532 Ῑ[0610]
2568 2445 2701 2510 fuit
2744 2445 3210 2510 communitati
3253 2467 3372 2532 pro
3403 2445 3608 2510 Ducis
3655 2443 3928 2508 Glover-

1504 2559 1615 2640 [she
1636 2559 1777 2624 King
1832 2547 1963 2612 niae
2010 2547 2257 2614 crudeli
2298 2547 2826 2634 interemptione.
2935 2547 3068 2612 Sed
3113 2569 3264 2612 cum
3307 2547 3672 2612 intrassent
3713 2547 3930 2614 locum

1502 2627 1777 2690 mterferes,
1834 2673 2093 2736 pugnae,
2164 2651 2313 2716 Rex
2364 2649 2569 2736 jussit
2614 2671 2723 2716 eos
2768 2649 3238 2736 conquiescere,
3283 2649 3602 2736 recipiens
3665 2669 3930 2714 causam

1502 2695 1747 2810 ξεῗιῖἒῗὲο
1834 2753 1909 2816 in
1950 2773 2185 2816 manus
2238 2775 2407 2828 suas,
2464 2751 2707 2818 faciens
2766 2751 3158 2838 proclamari
3223 2751 3498 2838 publice,
3547 2751 3730 2838 quod⁴
3769 2753 3932 2818 Dux

1502 2827 1755 2944 1232&ss
1838 2853 2249 2918 Herefordiae
2322 2853 2395 2916 in
2454 2853 2581 2918 hac
2652 2859 2844 2940 parte
2909 2855 3266 2920 honorifice
3341 2853 3642 2920 debitum
3719 2877 3932 2936 suum,

1504 2961 1585 3010 for
1606 2967 1693 3010 ten
1838 2959 2163 3042 quantum
2228 2955 2303 3018 in
2378 2955 2521 3042 ipso
2594 2955 2830 3034 fuerat,
2897 2957 3358 3044 adimplesset3
3443 2955 3934 3042 declaravitque

1504 3043 1663 3094 years.
1836 3051 1959 3124 hoc
2002 3081 2121 3146 per
2164 3057 2513 3136 decretum,
2568 3063 2637 3124 et
2694 3059 3164 3144 pronunciavit
3227 3083 3446 3126 coram
3487 3063 3632 3126 toto
3691 3059 3934 3146 populo

1836 3161 1933 3226 ibi
1992 3159 2019 3196 2
2048 3159 2191 3246 [ad]
2254 3159 2457 3226 duelli
2516 3159 2960 3246 spectaculum
3029 3169 3436 3248 congregato.
3545 3161 3638 3226 Et
3695 3165 3938 3240 tamen,

1836 3261 2219 3328 immediate
2282 3267 2449 3350 post,
2516 3263 2677 3342 Rex,
2728 3263 2870 3330 sine
2915 3285 3108 3328 causa
3169 3285 3558 3348 quacunque
3615 3263 3936 3348 legitima,

1838 3367 2227 3454 praedictum
2270 3367 2525 3432 Ducem
2568 3367 2653 3432 ad
2698 3365 3088 3432 decennium
3123 3367 3400 3454 relegari
3437 3367 3594 3432 fecit
3639 3369 3708 3430 et
3751 3389 3938 3432 man-

1840 3471 2043 3548 davit,
2104 3475 2333 3534 contra
2400 3493 2665 3536 omnem
2714 3469 3072 3554 justitiam,
3135 3475 3202 3534 et
3253 3469 3410 3554 jura
3473 3471 3806 3550 militaria,
3873 3475 3940 3536 et
3993 3553 4000 3564 α

1840 3573 2347 3640 consuetudines
2392 3573 2579 3660 regni
2622 3571 2840 3656 hujus.

1510 3659 1625 3710 The
1642 3659 1795 3708 Duke

1510 3727 1571 3776 of
1582 3725 1797 3778 Norfolk
1930 3677 2185 3742 Ducem
2230 3699 2387 3742 vero
2434 3677 2503 3742 N
2506 3675 2914 3742 orthfolchiae
2959 3681 3278 3762 perpetuo
3325 3675 3670 3740 damnavit
3715 3675 3960 3756 exili0‚·

1510 3795 1555 3844 is
1578 3807 1697 3844 ‹3011-
1840 3777 2449 3844 immisericorditer
2510 3783 2828 3860 statuens,
2895 3777 3020 3842 sub
3081 3777 3296 3864 poenis
3371 3777 3702 3866 gravibus,
3767 3779 3944 3866 quod

1510 3861 1797 3990 ἓξζὲξξῧῖῡ
1844 3883 2067 3948 nullus
2110 3885 2387 3968 rogaret,
2416 3871 2523 3948 vel
2564 3881 2741 3968 apud
2785 3883 3002 3968 ipsum
3047 3881 3294 3968 Regem
3335 3881 3734 3948 intercedere
3773 3905 3942 3970 prae-

1510 3995 1715 4044 banish-
1846 3989 2151 4064 sumeret,
2194 4007 2311 4070 pro
2350 3987 2567 4072 gratia
2594 3983 2896 4050 facienda
2925 3985 3224 4050 Ducibus
3263 3985 3676 4070 supradictis.
3769 3985 3944 4050 Acta

1512 4067 1665 4112 ment.
1848 4089 2165 4152 dicuntur
2220 4087 2359 4152 haec
2416 4087 2645 4154 eodem
2708 4089 2816 4152 die
2877 4087 2964 4150 ad
3023 4109 3290 4168 annum,
3353 4107 3484 4172 quo
3549 4087 3728 4154 idem
3783 4089 3944 4152 Dux

1846 4191 2327 4258 Northfolchiae
2372 4191 2625 4258 Ducem
2672 4191 3046 4258 Gloverniae
3089 4191 3330 4256 fecerat
3377 4191 3694 4258 suffocari.
3815 4267 3822 4272 ἢ

1516 4303 1655 4352 John
1666 4303 1741 4380 ‘cle
1934 4293 2063 4358 Per
2136 4293 2313 4358 idem
2386 4299 2669 4380 tempus
2746 4295 2946 4380 Papa,
3023 4293 3438 4378 quorundam
3511 4293 3948 4380 persuasione,

1514 4371 1779 4486 ffgsskffiff'
1848 4395 1895 4462 J
1898 4397 2221 4462 ohannem
2284 4395 2365 4462 de
2426 4395 2890 4484 Bukyngham‚
2943 4397 3468 4462 Lincolniensem
3527 4397 3940 4484 Episcopum,

1516 4503 1693 4566 privecl
1716 4501 1777 4550 of
1850 4521 1997 4564 cum
2032 4499 2177 4584 jam
2222 4521 2421 4564 senex
2468 4505 2653 4582 esset,
2686 4505 2755 4566 et
2799 4499 3346 4578 valetudinarius
3381 4499 3782 4586 Episcopatu
3829 4523 3948 4566 suo

1516 4569 1797 4694 ffizffien'of
1850 4601 2161 4688 privavit,
2204 4601 2623 4688 praetendens
2668 4601 2808 4686 ejus
2853 4601 3372 4668 imbecillitatem
3419 4607 3488 4666 et
3531 4609 3950 4680 senectutem,

1520 4701 1757 4816 anddsgcss
1856 4703 2099 4790 quibus
2156 4703 2557 4770 reddebatur
2602 4703 2629 4740 3
2650 4703 3034 4790 [impotens]
3095 4703 3182 4768 ad
3223 4703 3252 4740 4
3267 4705 3628 4792 regendum
3685 4707 3950 4768 tantam

1518 4783 1699 4900 {icini}
1758 4783 1795 4832 y
1854 4805 2211 4872 Dioecesim
2278 4811 2477 4894 atque
2542 4807 2818 4894 plebem.
2925 4807 3296 4872 Transtulit
3363 4811 3590 4872 tamen
3653 4829 3804 4872 eum
3867 4807 3950 4872 ad

1522 4901 1777 4956 Beaufort.
1856 4907 2323 4996 Episcopatum
2384 4909 2675 4992 Oestriae,
2734 4915 2898 4976 tunc
2957 4913 3320 4990 vacantem,
3393 4933 3528 4974 non
3595 4911 3946 4976 attendens

1858 5015 2053 5098 quod,
2098 5017 2365 5100 propter
2406 5033 2619 5076 mores
2664 5013 2846 5078 illius
2889 5013 3122 5100 gentis,
3171 5013 3606 5100 Episcopatus
3649 5013 3762 5078 ille
3823 5013 3956 5078 fuit

1858 5115 2185 5180 difficilior
2230 5117 2317 5180 ad
2378 5115 2755 5202 regendum,
2805 5139 3002 5202 quam
3065 5115 3176 5180 ille
3221 5139 3416 5202 quem
3477 5121 3630 5180 ante
3693 5119 3956 5180 rexerat

1860 5217 2107 5304 optime
2152 5221 2223 5282 et
2252 5217 2567 5282 discrete:
2624 5219 3034 5304 contulitque
3079 5217 3550 5304 Episcopatum
3599 5217 3958 5284 Lineolnjae

1860 5319 2153 5388 Henrico
2214 5319 2565 5402 Beuforde‚
2624 5319 2886 5388 cuidam
2933 5321 3014 5386 de
3071 5319 3226 5386 filiis
3289 5319 3566 5386 Domini
3609 5321 3656 5388 J
3661 5319 3956 5400 ohannis

1862 5423 2067 5490 Ducis
2114 5423 2533 5504 Lancastriae,
2566 5427 2635 5490 et
2680 5423 3024 5490 Katerinae
3069 5425 3150 5490 de
3197 5423 3566 5510 Swynford‚
3597 5425 3956 5490 admodum

1924 5767 1943 5798 1
1972 5757 2193 5812 Omitted
2214 5759 2269 5808 in
2290 5757 2419 5824 orig.
2442 5777 2455 5818 3
2492 5757 2719 5822 supplied
2740 5759 2868 5808 from
3015 5757 3036 5786 ⁸
3061 5757 3284 5808 Omitted
3303 5757 3358 5806 in
3381 5755 3508 5822 orig.
3527 5775 3542 5818 3
3577 5757 3808 5820 supplied
3825 5757 3956 5808 from

1858 5839 2101 5892 Faustina
2124 5841 2185 5890 Β.
2210 5839 2281 5890 ix,
2949 5843 3192 5892 Faustina
3213 5841 3276 5892 B.
3297 5841 3370 5892 ix·

1922 5923 1943 5950 ²
1966 5919 2189 5970 Omitted
2202 5917 2259 5968 in
2278 5919 2405 5984 orig.
2422 5919 2527 5970 and
2546 5919 2603 5968 in
2624 5913 2870 5970 Faustina
3017 5921 3038 5948 '¹
3059 5935 3212 5984 regem
3231 5919 3288 5968 in
3313 5917 3438 5982 orig.

1856 6003 1919 6054 Β.
1942 6001 2017 6054 ix.
