5559 8242
2516 2053 2844 2100 ANNALES.
3641 2039 3722 2108 71

1634 2235 1981 2322 probitate,
2028 2237 2369 2322 elegantia,
2418 2239 2487 2302 et
2528 2235 2856 2322 largitate,
2887 2235 3160 2302 Domini
3207 2237 3560 2312 Edmundi,
3607 2257 3724 2322 per

1632 2339 1873 2404 multas
1918 2339 2215 2424 regiones
2260 2339 2547 2416 diffusuS‚
2606 2337 2800 2402 corda
2843 2339 3258 2404 audientium
3315 2339 3390 2404 in
3433 2361 3720 2404 amorem
3791 2409 3796 2416 ,

1626 2445 1833 2528 ipsius
1878 2441 2299 2508 vehementer
2340 2441 2685 2508 excitabat.

1718 2545 1969 2610 Rumor
2012 2545 2219 2630 igitur
2280 2549 2347 2610 et
2408 2545 2583 2608 fama
2632 2565 2858 2610 eorum
2903 2543 3344 2610 obviaverunt
3391 2545 3712 2620 similiter,

1624 2653 1691 2710 et
1736 2647 1821 2712 ad
1864 2647 2173 2712 notitiam
2204 2647 2545 2730 utriusque
2576 2645 2822 2710 totiens
2849 2653 3304 2732 pervenerunt,
3329 2649 3504 2730 quod
3551 2648 3716 2712 alter

1622 2749 1891 2814 alterius
1966 2749 2253 2814 maritali
2330 2747 2575 2814 foedere
2650 2749 2964 2836 conjungi
3039 2749 3398 2814 affectavit.
3501 2749 3716 2834 Super

1618 2873 1747 2936 quo
1792 2851 2049 2916 nunciis
2092 2851 2497 2928 intermissis
2542 2858 2609 2916 et
2656 2853 2926 2916 consilio
2971 2853 3330 2916 amicorum
3373 2853 3710 2938 requisito,

1616 2953 1993 3040 hujusmodi
2020 2955 2361 3038 negotium
2392 2955 2475 3018 ad
2506 2955 2810 3018 effectum
2855 2953 3198 3020 deducitur
3245 2960 3704 3040 praeoptatum.

1618 3057 1891 3140 Nuptiis
1938 3057 2203 3142 quidem
2246 3057 2425 3120 inter
2484 3077 2591 3120 eos
2638 3057 3080 3122 solemnizatis
3125 3079 3272 3122 611111
3339 3057 3584 3142 gaudio
3637 3062 3706 3122 et

1612 3159 1873 3234 honore,
1918 3159 2003 3222 ad
2044 3159 2331 3224 invicem
2380 3155 2761 3244 1jurarunt3
2809 3166 3308 3246 genueruntque
3367 3159 3700 3236 Thomam,

1610 3261 1873 3338 scilicet,
1906 3261 1983 3326 de
2032 3283 2161 3348 quo
2190 3283 2401 3326 sermo
2448 3267 2561 3336 est,
2612 3261 2996 3340 Henricum,
3045 3268 3112 3328 et
3157 3261 3204 3326 J
3209 3263 3548 3326 ohannem.
3613 3261 3704 3326 Et

1606 3363 1777 3426 sicut
1822 3383 1939 3448 per
1984 3363 2383 3448 Prophetam
2432 3363 2683 3426 dictum
2728 3369 2844 3440 est,
2863 3363 2998 3414 ——st
3017 3371 3050 3398 “
3083 3363 3434 3430 Generatio
3495 3369 3700 3430 recto-

1606 3471 1645 3500 “
1690 3487 1837 3530 rum
1882 3465 2357 3544 benedicetur,‘''
2418 3465 2495 3528 in
2536 3465 2944 3548 promotione
2991 3465 3430 3552 generationis
3475 3489 3700 3532 eorum

1602 3574 1781 3631 recte
1842 3567 2251 3652 adimpletur.
2378 3567 2547 3630 Filia
2622 3565 2800 3630 enim
2871 3567 3066 3630 istius
3133 3567 3434 3646 dominae,
3495 3567 3698 3636 haeres

1602 3669 1787 3754 regni
1834 3669 1903 3732 N
1906 3669 2209 3746 avvariae,
2248 3691 2395 3752 quae
2438 3667 2729 3750 speciosa
2758 3674 2898 3746 erat
2947 3669 3158 3748 valde,
3187 3691 3230 3732 a
3269 3669 3444 3734 bona
3489 3673 3698 3734 matre

1604 3793 1723 3836 sua
1768 3771 1857 3836 sic
1922 3771 2227 3834 decenter
2290 3769 2689 3834 informatur
2732 3775 2798 3834 et
2867 3769 3088 3852 alitur,
3137 3771 3314 3856 quod
3357 3795 3400 3836 a
3443 3773 3580 3838 filio
3627 3779 3694 3838 et

1600 3873 1855 3938 haerede
1904 3873 2101 3958 Regis
2152 3873 2551 3936 Francorum
2602 3873 2675 3934 in
2724 3893 2996 3938 uxorem
3041 3863 3402 3938 deducitur.
3503 3875 3692 3940 Unde

1598 3975 1683 4040 ab
1728 3975 1843 4038 illo
1876 3975 1981 4038 die
2012 3995 2287 4060 regnum
2316 3975 2387 4038 N
2388 3975 2677 4040 avvariae
2708 3995 2910 4060 regno
2957 3973 3272 4054 Franciae‚
3305 3995 3424 4060 per
3467 3997 3692 4040 eorum

1596 4077 2035 4162 maritagium‚
2088 4075 2423 4154 adimitur,
2470 4081 2539 4140 et
2584 4077 2798 4140 dictus
2845 4075 3126 4140 Thomas
3169 4077 3374 4140 frater
3419 4077 3692 4164 Reginae

1596 4179 1909 4254 Franciae,
1958 4201 2041 4242 ex
2084 4184 2271 4264 parte
2318 4179 2549 4244 matris
2596 4199 2747 4256 suae,
2795 4179 3088 4244 efficitur.
3333 4185 3342 4200 “

1684 4283 1835 4346 Duo
1864 4281 2107 4366 quippe
2138 4279 2263 4344 filii
2290 4301 2529 4360 eorum,
2558 4281 2906 4358 Henricus,
2937 4281 3200 4360 scilicet,
3227 4287 3292 4344 et
3325 4279 3682 4358 Johannes,

1588 4383 1833 4470 partim
1866 4403 1949 4446 ex
1996 4383 2167 4446 dono
2212 4383 2489 4460 Domini
2544 4383 2862 4448 Edwardi
2913 4383 3126 4470 Regis,
3175 4383 3402 4468 patrui
3445 4405 3684 4458 eorum,

1586 4485 1831 4568 partim
1900 4505 1981 4550 ex
2032 4485 2221 4548 bonis
2282 4491 2631 4570 parentum
2692 4507 2978 4564 suorum,
3045 4485 3284 4548 divites
3333 4483 3684 4560 admodum

1588 4587 1801 4652 effecti
1864 4591 2065 4666 sunt3
2142 4587 2257 4652 sed
2322 4587 2639 4672 praefatus
2704 4587 2998 4664 Thomas,
3067 4593 3142 4650 ut
3207 4585 3382 4650 filius
3451 4585 3678 4668 senior,

1584 4689 2035 4754 haereditatem
2078 4689 2287 4774 patris
2332 4689 2433 4754 sui
2482 4689 2874 4776 expectavit.

1672 4791 2041 4878 Incipiente
2116 4797 2335 4856 autem
2428 4813 2665 4878 guerra
2736 4791 2910 4856 inter
2989 4789 3200 4874 Reges
3275 4787 3538 4874 Angliae
3611 4799 3676 4856 et

1584 4891 1881 4958 Franciae
1926 4893 1997 4956 in
2044 4893 2383 4970 Vasconia,
2434 4893 2763 4956 Dominus
2809 4891 3220 4968 EdmunduS,
3249 4893 3440 4976 pater
3481 4891 3674 4956 istius

1580 4995 1861 5072 Thomas,
1928 4995 2083 5058 illuc
2146 4995 2639 5074 transmittitur,
2688 5001 2765 5058 ut
2831 5015 2946 5080 per
3011 4995 3218 5080 ipsius
3279 4989 3670 5058 industriam

1576 5097 1901 5162 exercitus
1944 5095 2315 5184 Anglorum
2356 5102 2711 5184 regeretur.
2807 5097 3104 5180 Cumque
3167 5095 3418 5160 diutius
3461 5115 3668 5180 popu-

1576 5201 1713 5262 lum
1798 5199 2241 5286 Anglicanum
2314 5199 2563 5264 ibidem
2642 5199 2940 5274 rexisset,
3005 5201 3074 5262 et
3133 5197 3310 5262 beHa
3383 5195 3668 5282 plurima

1572 5301 1933 5380 devicisset,
1982 5306 2321 5386 castraque
2386 5307 2451 5366 et
2500 5301 2822 5378 civitates„
2867 5321 2984 5386 per
3047 5301 3336 5366 Francos
3399 5301 3514 5364 diu
3561 5319 3662 5364 oc-

1570 5410 1855 5490 cupatas,
1930 5403 2003 5468 in
2076 5427 2279 5468 manu
2346 5403 2505 5468 forti
2578 5408 3034 5488 recuperasset,
3109 5403 3662 5490 appropinquavit

1570 5512 1829 5592 tempus
1894 5527 2085 5570 suum
2146 5511 2223 5570 ut
2288 5505 2367 5570 de
2432 5505 2551 5570 hac
2622 5505 2761 5570 luce
2809 5507 3126 5592 migraret
3171 5507 3254 5570 ad
3305 5507 3656 5574 Christum.

1568 5607 1723 5674 Non
1786 5607 1861 5670 in
1924 5607 2107 5674 bellis
2172 5608 2485 5686 devictus,
2562 5631 2679 5674 nec
2754 5609 2828 5674 in
2903 5607 3146 5694 campis
3221 5609 3482 5690 06613113,
3551 5613 3656 5678 vel

2708 5817 3032 5824 ..—.-—.-...-—--·-0..,
3053 5819 3122 5826 .--...

1632 5947 1645 5976 ¹
1674 5947 1899 6006 inierunt,
1926 5947 2139 5996 Hcarne.
2610 5949 2619 6016 Ι
2714 5951 2733 5978 2
2754 5947 2924 5998 Psalm
2949 5949 3066 6000 cxii,
3091 5959 3136 6000 2.
