5559 8242
1260 3507 1267 3544 .4—
1260 3413 1267 3496 ...ω-υ...
1258 3225 1271 3408 ω--ω-Μ-ηνιιπ-
1258 3165 1269 3214 em...
1262 3025 1271 3154 ...mm-...m-
1264 3009 1269 3020 ο·
1264 2979 1271 2994 m
1256 2903 1271 2968 »οη-ζ-
1264 2853 1271 2898 .-.2
1264 2827 1271 2842 ψ»
1264 2811 1271 2816 .
1268 2787 1271 2794 .
1252 2743 1263 2756 ⁵

1240 5339 1249 5424 -·-.›-2-=
1238 5241 1249 5326 ιαμ-«αξ
1240 5227 1243 5234 -

1902 2135 1909 2138 .,
1974 2075 2103 2138 430
2815 2087 3186 2138 APPENDIX.

1972 2279 2005 2310 “
2050 2281 2147 2354 ut,
2194 2275 2277 2340 ab
2342 2275 2643 2340 omnibus
2704 2271 3314 2362 impugnationibus
3373 2273 3636 2352 defensi,
3679 2279 3794 2338 tua
3843 2277 4058 2362 opitu-

1972 2385 2005 2416 ‘·‘
2050 2377 2291 2442 latione
2322 2379 2675 2454 salventur,
2712 2381 2779 2442 et
2825 2379 3074 2442 animas
3119 2375 3506 2442 famulorum
3541 2377 4058 2462 famularumque

1972 2485 2007 2514 “
2052 2485 2333 2560 tuarum,
2366 2481 2657 2544 omnium
2686 2479 3010 2558 videlicet,
3041 2479 3352 2560 fidelium,
3395 2481 3876 2546 Catholicorum
3911 2481 3932 2516 ¹
3959 2503 4058 2544 or-

1974 2587 2011 2616 “
2056 2583 2511 2662 thodoxorum,
2560 2603 2838 2668 quorum
2907 2581 3588 2648 commemorationem
3651 2583 3922 2670 agimus,
3989 2587 4058 2648 et

1974 2693 2011 2722 “
2056 2707 2333 2770 quorum
2398 2705 2663 2770 corpora
2724 2685 2798 2748 in
2849 2685 2970 2750 hoc
3023 2685 3440 2766 MonasteriO,
3495 2685 3606 2750 vel.
3645 2687 3718 2750 in
3761 2685 3788 2722 2
3809 2687 4058 2752 cunctis

1972 2793 2011 2822 “
2056 2787 2441 2850 coemeteriis
2486 2787 2794 2866 fidelium,
2849 2789 3284 2872 requiescunt,
3317 2789 3422 2854 vel
3469 2809 3746 2874 quorum
3793 2789 4060 2852 nomina

1972 2895 2009 2922 ‘⁶
2054 2911 2247 2974 super
2292 2895 2587 2954 sanctum
2640 2891 2846 2956 altare
2909 2895 3102 2956 tuum
3147 2893 3388 2978 scripta
3447 2891 3668 2956 adesse
3729 2891 4058 2968 videntur,

1972 2999 2007 3028 ‘⁵
2054 2993 2405 3058 electorum
2478 2999 2743 3058 tuorum
2811 2993 3090 3080 jungere
3173 2993 3458 3082 digneris
3521 2995 3866 3076 consortio,
3947 3017 4060 3080 per

1978 3101 2013 3130 ‘⁶
2060 3095 2419 3160 Dominum
2462 3101 2783 3174 nostrum,
2835 3095 3104 3160 Ihesum
3153 3097 3542 3162 Christum.''

2062 3201 2101 3232 ‘⁶
2132 3195 2511 3286 Propitiare‚
2552 3197 2852 3276 Domine,
2889 3199 3470 3284 supplicationibus
3523 3199 3780 3276 nostris
3829 3203 3898 3264 et
3945 3199 4062 3264 has

1974 3309 2007 3336 “
2054 3299 2431 3378 oblationes,
2506 3321 2663 3386 quas
2724 3321 2842 3388 pro
2905 3303 3356 3366 incolumitate
3409 3301 3806 3366 famulorum
3849 3301 4060 3366 famu-

1974 3411 2009 3440 “
2054 3406 2395 3490 Larumque
2438 3409 2721 3482 tuarum,
2768 3409 2836 3470 et
2879 3427 2996 3492 pro
3041 3405 3384 3468 animabus
3431 3405 3724 3470 omnium
3771 3405 4058 3470 fidelium

1978 3513 2011 3544 “
2058 3507 2543 3572 Catholicorum
2590 3507 3126 3584 orthodoxorum,
3173 3529 3448 3592 quorum
3509 3507 4060 3572 commemoratio*

1978 3617 2015 3646 “
2056 3633 2207 3676 nem
2238 3611 2511 3696 agimus,
2546 3615 2611 3674 et
2660 3633 2936 3698 quorum
2979 3611 3248 3674 nomina
3295 3633 3488 3696 super
3523 3615 3822 3674 sanctum
3855 3608 4060 3672 altare

1974 3721 2007 3748 “
2052 3719 2243 3778 tuum
2272 3711 2511 3798 scripta
2542 3715 2763 3778 adesse
2795 3713 3124 3792 videntur,
3155 3713 3408 3776 nomini
3437 3717 3552 3776 tuo
3597 3713 4064 3778 consecrandas

1976 3823 2015 3850 “
2060 3815 2427 3892 deferimus,
2472 3815 2822 3902 benignius
2885 3837 3180 3896 assume3
3239 3819 3318 3880 ut
3365 3815 3664 3878 sacrificii
3723 3815 4064 3902 praesentis

1976 3927 2009 3954 “
2054 3919 2297 3984 oblatio
2362 3919 2447 3982 ad
2510 3919 2916 4002 refrigerium
2981 3919 3350 3982 animarum
3419 3939 3662 3996 eorum,
3725 3919 3816 3982 Te
3875 3915 4064 3980 mise-

1976 4027 2013 4056 “
2056 4025 2263 4098 rante,
2346 4021 2707 4106 perveniat,
2782 4041 2898 4104 per
2973 4017 3334 4084 Dominum
3407 4023 3722 4096 nostrum,
3799 4019 4062 4084 Ihesum

1980 4129 2015 4156 “
2062 4121 2453 4188 Christum.'’

1974 4273 1977 4278 -
2068 4233 2101 4260 “
2132 4227 2441 4288 Purificet
2484 4245 2621 4300 nos,
2668 4245 3058 4308 quaesumus,
3111 4225 3410 4302 Domine,
3459 4229 3528 4290 et
3575 4223 3790 4288 divini
3837 4225 4064 4290 Sacra-

1980 4335 2015 4362 “
2060 4327 2267 4390 menti
2302 4325 2651 4412 perceptiO,
2682 4331 2749 4390 et
2789 4327 3070 4410 gloriosa
3101 4323 3494 4390 Sanctorum
3525 4331 3790 4390 tuorum
3823 4327 4030 4390 oratio
4053 4353 4070 4408 ;

1978 4437 2013 4464 “
2062 4433 2127 4494 et
2172 4427 2515 4492 animabus
2560 4427 2956 4492 famulorum
3003 4427 3528 4512 famularumque
3577 4433 3862 4506 tuarum,
3909 4449 4066 4512 quo-

1978 4539 2017 4568 “
2062 4553 2209 4596 rum
2270 4531 2948 4596 commemorationem
3007 4533 3284 4618 agimus,
3337 4531 3786 4598 remissionem
3833 4531 3856 4566 ³
3875 4555 4066 4598 cunc-

1980 4643 2013 4668 “
2056 4639 2275 4698 torum
2346 4635 2563 4700 tribue
2632 4639 3058 4720 peccatorum,
3121 4657 3238 4722 per
3311 4633 3672 4700 Dominum
3747 4639 4064 4712 nostrum,

1978 4745 2013 4772 “
2038 4737 2323 4802 .Ihesum
2386 4737 2777 4802 Christum.''
3363 4733 3374 4744 '

2070 4881 2401 4946 Gloriosus
2464 4883 2611 4946 Rex
2656 4881 2822 4960 Offa,
2879 4881 3270 4944 Meroiorum
3323 4885 3552 4944 tenens
3605 4881 4064 4966 gubernacula,

1978 5005 2239 5070 corpore
2294 4983 2489 5048 Beati
2536 4983 2802 5064 Albani,
2853 4983 3124 5066 Patroni
3175 4983 3404 5060 nostri,
3451 4983 3530 5048 de
3591 4989 3768 5050 terra
3827 4987 4064 5062 levatO,

1978 5085 2283 5158 fundavit
2326 5087 2507 5150 istud
2554 5087 3048 5162 Monasterium‚
3099 5085 3738 5172 possessionibusque
3783 5109 3858 5150 ac
3903 5089 4070 5150 mul-

1978 5189 2067 5252 tis
2118 5187 2539 5252 libertatibus
2588 5187 2836 5254 ditavit
2883 5189 3270 5274 magnifice3
3329 5211 3404 5252 ac
3447 5211 3580 5252 non
3631 5189 3842 5252 multo
3903 5197 4070 5274 post,

1980 5291 2255 5354 Romam
2306 5289 2507 5376 petiit
2566 5289 3002 5378 corporaliter,
3063 5295 3162 5368 ut,
3231 5289 3402 5356 sicut
3463 5289 3934 5374 temporalibus
4003 5295 4070 5356 et

1978 5393 2303 5480 regalibus
2348 5393 2790 5478 dignitatibus
2837 5393 2956 5458 hoc
3001 5391 3476 5458 Monasterium
3523 5393 3770 5458 ditavit
3815 5381 3886 5458 in
3933 5393 4072 5456 An-

1980 5495 2129 5584 glia,
2182 5497 2281 5560 ita
2330 5495 2497 5560 illud
2540 5495 2924 5560 nobilitaret
2975 5495 3340 5582 privilegiis
3399 5495 3770 5582 impetratis
3815 5519 3856 5560 a
3903 5497 4070 5562 Sede

1980 5599 2371 5686 Apostolica.
2466 5597 2557 5662 Et
2602 5599 2757 5682 quia
2801 5599 3046 5684 reperit
3091 5599 3452 5664 Dominum
3497 5599 3764 5684 Papam,
3829 5599 4066 5664 Adria-

1980 5723 2161 5782 num,
2192 5703 2519 5778 videlicet,
2564 5697 2880 5778 Primum,
2913 5699 3042 5764 sibi
3073 5701 3522 5778 favorabilem,
3557 5702 3884 5766 exultavit
3937 5703 4074 5788 spi-

1980 5805 2151 5868 ritus
2212 5805 2349 5890 ejus
2410 5805 2483 5868 in
2542 5805 2701 5882 De0,
2770 5807 3218 5890 prosperatore
3287 5805 3446 5868 vitae
3507 5823 3656 5868 suae.
3769 5803 4068 5868 Contulit

2048 6057 2063 6086 ¹
2088 6055 2417 6106 ortodoxorum
2436 6057 2493 6106 in
2516 6055 2645 6120 orig.
3135 6057 3154 6084 3
3175 6061 3422 6106 cuntorum
3443 6053 3498 6104 in
3519 6055 3648 6120 orig.

2046 6139 2067 6168 2
2086 6135 2245 6186 cuntis
2268 6135 2323 6186 in
2344 6137 2473 6202 orig.
