5559 8242
2351 2077 2554 2130 REGIS
2595 2073 2893 2128 ANeLIAE.
3536 2067 3615 2128 21
3628 2067 3661 2128 1

1579 2261 1824 2328 chartae
1845 2261 2390 2346 perdonationum
2419 2261 2738 2328 factarum
2769 2261 2967 2328 dictis
2994 2259 3457 2346 proditoribus,
3490 2259 3661 2326 Duci
3682 2273 3819 2326 AD,
3854 2277 3995 2328 1397.

1583 2363 1968 2442 Gloverniae,
2017 2363 2388 2430 Comitibus
2433 2367 2843 2430 Arundelliae
2888 2369 2959 2428 et
3012 2363 3337 2442 Warwici,
3396 2385 3657 2428 revoca·
3680 2353 3767 2404 the
3788 2353 3943 2418 King,

1575 2473 1804 2532 rentur
1847 2487 1964 2552 per
2007 2487 2394 2532 consensum
2441 2465 2736 2534 omnium
2783 2465 2899 2552 qui
2942 2465 3097 2530 huic
3140 2463 3449 2554 praesen'ti
3504 2465 3657 2532 Par-
3678 2433 3877 2538 3313*

1571 2571 1884 2634 liamento
1929 2569 2280 2634 affuerunt.
2369 2569 2516 2634 Rex
2545 2567 2851 2654 inprimis
2894 2569 3389 2652 protestabatur
3432 2567 3657 2654 hujus·-

1573 2673 1752 2742 modi
1781 2673 2038 2738 chartas
2081 2679 2376 2738 extortas
2405 2673 2492 2738 ab
2519 2693 2596 2736 eo
2627 2671 2847 2748 fuisse,
2880 2675 2947 2736 et
2990 2671 3289 2750 nutibus,
3334 2677 3651 2760 gestuque

1571 2775 1872 2862 corporis,
1933 2775 2422 2840 demonstrabat
2483 2775 2630 2838 illas
2689 2767 3277 2860 parvipendendas.
3368 2773 3655 2838 Proinde

1559 2879 1748 2964 jussu
1793 2877 1992 2964 Regis
2039 2879 2460 2964 quaerebatur
2501 2901 2544 2942 a
2587 2875 2883 2962 singulis,
2936 2881 3075 2940 tam
3120 2877 3411 2962 praelatis
3456 2897 3651 2962 quam

1567 2979 1850 3044 dominis
1909 2979 2396 3066 temporalibus,
2455 2983 2536 3042 ut
2595 2999 2742 3064 quae
2802 2979 3125 3042 sentirent
3186 2999 3379 3066 super
3426 2979 3651 3062 hujus-

1565 3081 1744 3146 modi
1805 3081 2336 3146 revocationibus
2397 3081 2694 3146 dicerent
2751 3079 3157 3166 singillatim.
3278 3081 3651 3164 Responde*

1563 3187 1722 3248 runt
1779 3183 1990 3270 igitur
2037 3183 2312 3272 praelati,
2361 3183 2600 3248 timore
2659 3187 2923 3248 terreno
2986 3183 3339 3270 perterriti,
3388 3183 3645 3248 chartas

1561 3285 1726 3352 tales
1785 3307 1922 3350 esse
1971 3287 2366 3352 revocabiles
2435 3287 2520 3352 ad
2587 3285 2789 3372 Regis
2848 3285 3381 3372 beneplacitum3
3442 3285 3647 3352 donec

1559 3393 1954 3474 perventum
2013 3389 2140 3456 fuit
2193 3391 2278 3454 ad
2327 3387 2907 3476 Archiepiscopum
2970 3387 3523 3466 Cantuariensem,
3552 3429 3643 3438 --

1557 3511 1712 3556 nam
1757 3491 1958 3556 moris
2003 3497 2104 3556 est
2153 3489 2422 3558 1talium
2469 3513 2778 3576 responsa
2820 3491 2905 3554 ab
2952 3489 3369 3556 inferioribus
3430 3491 3641 3576 primo

1557 3599 1794 3678 petere,
1825 3599 1966 3660 tam
1995 3593 2078 3656 de
2107 3595 2576 3680 temporalibus
2621 3591 2915 3678 personis
2958 3613 3159 3678 quam
3204 3591 3285 3656 de
3328 3591 3637 3678 spiritua-

1553 3695 1746 3774 libus,
1807 3695 2010 3760 donec
2067 3685 2492 3780 perveniatur
2535 3693 2865 3782 gradatim
2910 3693 2997 3758 ad.
3040 3717 3349 3782 personas
3392 3695 3639 3780 gradus

1553 3797 2116 3884 supremi—*Cum
2173 3819 2330 3884 ergo
2373 3801 2708 3882 peteretur
2759 3819 2801 3860 a
2850 3794 3329 3874 Cantuariensi,
3374 3795 3431 3860 si
3478 3799 3641 3862 tales

1553 3903 1796 3966 chartae
1841 3901 2058 3966 forent
2103 3901 2498 3970 revocabiles
2545 3899 2630 3966 ad
2675 3899 2873 3986 Regis
2904 3899 3337 3976 voluntatem,
3378 3899 3639 3984 respon-

1553 4005 1654 4068 dit
1715 4003 1888 4090 quod
1965 4023 2244 4090 persona
2321 4003 2520 4090 Regis
2597 4007 2738 4066 tam
2808 4001 3105 4068 sublimis
3164 4001 3309 4080 fuit,
3330 4073 3337 4078 ,.
3372 4009 3439 4066 et
3500 4009 3639 4068 tam

1551 4107 1770 4186 ardua,
1821 4129 1862 4170 a
1905 4127 2036 4190 qua
2081 4107 2238 4170 talis
2279 4105 2670 4192 perdonatio
2715 4105 3073 4186 emanavit,
3122 4105 3297 4190 quod
3342 4125 3479 4168 non
3522 4129 3637 4170 au·-

1549 4209 1748 4276 debat
1813 4209 2024 4274 dicere
2083 4209 2220 4274 fore
2283 4209 2682 4274 revocabiles
2743 4209 2913 4272 tales
2978 4209 3253 4272 chartas,
3376 4207 3445 4272 N
3444 4207 3637 4272 ihilo-

1547 4311 1766 4376 minus
1841 4311 2384 4378 determinatum'
2427 4317 2526 4376 est
2599 4311 2909 4390 finaliter,
2970 4315 3199 4374 contra
3274 4311 3489 4374 Deum
3564 4315 3631 4374 et

1537 4413 1882 4500 justitiam,
1937 4421 2136 4500 atque
2195 4437 2538 4502 personam
2613 4413 2877 4500 regiam,
2938 4413 3195 4478 chartas
3254 4413 3631 4498 hujusmodi
3848 4465 3879 4482 s

1543 4519 1954 4584 revocandas,
2087 4517 2344 4604 Nempe
2421 4521 2648 4582 contra
2723 4515 2923 4602 Regis
2996 4539 3345 4602 personam
3430 4539 3627 4602 quam

1543 4621 1828 4686 maxime
1871 4619 2238 4686 resultabat
2295 4619 2676 4706 hujusmodi
2735 4615 2762 4652 ²
2777 4619 3013 4704 gratiae
3070 4619 3417 4700 revocatiO,
3478 4641 3627 4684 cum

1541 4723 1982 4788 misericordia
2041 4725 2128 4806 sit
2187 4723 2336 4788 solii
2391 4721 2630 4808 regalis
2693 4723 3119 4802 confirmatio,
3176 4729 3243 4788 et
3288 4723 3405 4808 qui
3446 4723 3625 4790 tollit

1539 4849 1578 4890 a
1611 4829 1788 4912 Rege
1833 4827 2360 4908 misericordiam,
2391 4827 2572 4890 tollit
2617 4823 2851 4910 regalis
2898 4825 3043 4888 solii
3088 4827 3591 4892 firmamentum.

1625 4929 1674 4994 J
1675 4929 1966 4994 ohannes
2009 4929 2264 5008 Busshi‚
2323 4929 2596 4996 obtenta
2645 4927 2791 4992 'ista
2850 4929 3141 5012 generali
3188 4929 3619 5006 revocatione,
3644 4935 3935 5054 Ξεὲᾝᾶὶοε

1539 5031 1712 5094 dixit
1775 5031 2102 5096 Gemitem
2161 5031 2570 5096 Arundelliae
2631 5029 2871 5096 habere
2938 5033 3005 5094 et
3066 5029 3265 5092 aliam
3324 5031 3615 5096 chartam
3642 5073 3711 5136 by
3738 5073 3823 5120 the

1535 5133 1878 5220 specialem
1919 5155 2038 5220 pro
2083 5143 2358 5220 persona
2421 5155 2554 5212 sua,
2603 5153 2971 5198 concessam
3018 5133 3145 5198 sibi
3190 5153 3307 5218 per
3352 5133 3615 5216 Regem,
3638 5133 3939 5256 Ξέἓὲἕξιῗθὶῑι

1533 5241 1680 5322 post
1723 5237 1954 5322 primae
1999 5235 2244 5300 chartae
2291 5235 2766 5300 concessionem
2794 5261 2811 5316 ;
2856 5257 3057 5322 quam
3100 5235 3483 5322 postulavit,
3532 5257 3615 5300 ex
3644 5273 3849 5322 thereto.

1531 5345 1718 5424 parte
1785 5339 2294 5418 communitatiS,
2357 5339 2710 5424 praemissis
2779 5337 3327 5404 inenarrabilibus
3402 5337 3617 5402 verbis

1529 5441 1942 5520 adulationis,
1993 5441 2164 5506 sicut
2207 5441 2418 5520 aliam,
2465 5439 2772 5508 revocari.
2868 5439 3303 5520 Quaerebatur
3342 5463 3493 5528 ergo
3530 5439 3609 5504 de

1527 5545 1832 5628 praelatiS,
1885 5543 2048 5628 quid
2093 5545 2418 5610 sentirent
2485 5545 2564 5610 de
2631 5543 2951 5630 praedicta
3018 5543 3259 5624 charta,
3330 5543 3387 5608 si.
3444 5543 3611 5608 foret

1523 5647 1922 5712 revocabilis.
2017 5645 2168 5726 Qui,
2221 5647 2330 5712 vel
2373 5647 2400 5682 ³
2409 5647 2554 5732 jam
2599 5647 2835 5710 timore
2880 5647 3231 5732 perterriti,
3264 5649 3367 5712 vel
3414 5667 3605 5710 sensu

1593 5917 1610 5946 ¹
1635 5913 1800 5964 talium
1831 5919 2138 5980 qums-tionum
2183 5933 2426 5984 responsa,
2469 5919 2524 5970 in
2683 5919 2702 5950 2
2727 5917 2951 5968 Omitted
2972 5917 3029 5966 in
3050 5917 3293 5968 Faustina
3312 5917 3373 5976 B,
3398 5917 3469 5968 ix.

1527 5993 1766 6046 Faustina
1785 5997 1850 6048 B.
1871 5995 1946 6046 ix,
2561 5925 2576 6060 Ι
2681 5999 2700 6026 ³
2723 6005 2821 6046 tam
2842 5997 2897 6046 in
2918 5997 3161 6048 Faustina
3180 5997 3243 6046 B.
3268 5997 3339 6048 ix-

3216 6081 3349 6144 02
