5559 8242
1896 2049 1929 2108 1
1942 2047 2025 2108 80
2424 2055 2743 2108 ANNALEs
2789 2055 3080 2108 mentm
3125 2025 3450 2122 sncunm,

1564 2265 1701 2316 ΑΔ).
1728 2267 1871 2316 1395.
1900 2251 1939 2280 “
1972 2241 2411 2328 judica-ndum
2478 2243 2559 2308 de
2624 2241 2804 2306 omni
2867 2247 3152 2330 peccate,
3221 2247 3288 2306 et
3359 2241 3860 2328 perdonandum
3925 2247 3996 2306 et

1900 2351 1937 2406 f‘
1980 2343 2437 2422 mundandum
2468 2365 2920 2430 quemcunque
2965 2345 3060 2408 eis
3101 2343 3438 2430 placuerit.
3503 2343 3758 2408 Dicunt
3799 2343 3996 2410 etiam

1906 2451 1941 2482 “
1988 2447 2163 2532 quod
2222 2447 2471 2512 habent
2532 2447 2747 2512 claves
2807 2445 2956 2510 coeli
3005 2451 3074 2508 et
3125 2445 3384 2526 inferni,
3435 2449 3506 2510 et
3557 2451 3836 2534 possunt
3887 2469 4000 2512 ex-

1908 2553 1945 2584 “
1990 2549 2465 2632 communicare
2530 2555 2599 2614 et
2642 2547 3042 2624 benedicere,
3095 2541 3298 2634 ligare
3351 2553 3420 2612 et
3461 2547 3728 2626 solvere,
3771 2549 3858 2614 ad
3885 2571 4002 2614 vo-

1912 2657 1945 2688 “
1990 2651 2321 2716 luntatem
2344 2673 2597 2730 eorum3
2626 2651 2701 2714 in
2722 2655 2990 2716 tantum
3015 2651 3190 2736 quod
3217 2673 3338 2738 pro
3359 2649 3644 2716 bussello
3665 2651 3998 2732 frumenti,
4023 2691 4028 2696 ·

1906 2759 1945 2788 “
1988 2753 2097 2818 vel
2158 2751 2503 2818 duodecim
2570 2753 2858 2818 denariis
2919 2775 3038 2838 per
3095 2775 3364 2832 annum,
3431 2753 3670 2818 volunt
3719 2753 4002 2818 vendere

1910 2865 1941 2890 “
1984 2853 2509 2920 benedictionem
2560 2853 2689 2918 Dei
2730 2877 2848 2940 per
2877 2857 3170 2922 chartam
3215 2859 3284 2920 et
3315 2855 3602 2920 clausam
3635 2857 3718 2920 de
3747 2877 4002 2920 waran-

1906 2963 1945 2992 “
1988 2955 2141 3036 tiza,
2174 2955 2461 3042 sigillata
2490 2955 2705 3040 sigillo
2736 2957 3086 3022 communi.
3175 2957 3322 3022 Ista
3373 2955 3722 3024 Conclusio
3763 2957 3856 3022 sic
3899 2963 4002 3024 est

1908 3065 1945 3092 “
1990 3057 2061 3120 in
2092 3079 2233 3134 usu,
2256 3057 2435 3144 quod
2464 3079 2597 3122 non
2628 3057 2888 3142 indiget
2919 3059 3050 3122 alia
3081 3059 3484 3146 probatione.
3569 3057 4002 3126 Corollarium

1912 3167 1945 3196 “
1990 3165 2091 3224 est
2114 3159 2399 3246 3m-quod
2432 3159 2613 3248 Papa
2648 3161 3002 3238 Romanus,
3035 3161 3150 3246 qui
3179 3159 3376 3246 fingit
3407 3183 3474 3226 se
3503 3163 3716 3226 altum
3743 3161 4010 3226 thesau-

1912 3271 1949 3298 “
1992 3261 2251 3348 rarium‘
2304 3263 2515 3328 totius
2568 3261 2894 3340 Ecclesiae,
2943 3261 3194 3328 habens
3253 3261 3422 3330 illud
3481 3263 3740 3350 insigne
3793 3265 4004 3350 jocale

1914 3371 1949 3400 “
1990 3365 2311 3452 passionis
2374 3363 2623 3432 Christi
2682 3365 2759 3430 in
2817 3363 3134 3444 custodia,
3173 3387 3330 3430 cum
3381 3365 3646 3444 ⁴meritis
3713 3367 4006 3432 omnium

1914 3473 1951 3502 ‘¹
1996 3465 2387 3534 Sanctorum
2416 3469 2491 3532 in
2520 3467 2701 3546 coele,
2736 3489 2852 3556 per
2891 3469 3066 3552 quod
3117 3467 3238 3534 dat
3265 3469 3486 3532 fictam
3521 3467 4010 3556 indulgentiam

1916 3579 1951 3606 “
1994 3593 2035 3636 a
2070 3591 2269 3656 poena
2306 3575 2375 3636 et
2422 3593 2461 3634 a
2500 3571 2701 3656 culpa,
2746 3575 2846 3636 est
2887 3569 3264 3636 corollarius
3307 3571 3728 3656 praescriptus
3757 3569 3776 3606 ¹
3803 3571 4010 3658 [max-

1912 3681 1949 3708 “
1996 3673 2157 3762 ime]
2214 3681 2407 3738 extra
2458 3675 2840 3756 caritatem3
2885 3695 2972 3738 ex
3021 3695 3150 3760 quo
3199 3677 3420 3762 potest
3461 3675 3742 3738 liberare
3791 3697 4014 3738 omnes

1920 3781 1953 3810 “
2000 3775 2393 3864 prisonarios
2424 3773 2497 3840 in
2526 3775 2781 3848 inferno
2813 3775 3192 3856 existentes,
3227 3777 3312 3840 ad
3357 3777 3776 3842 voluntatem
3809 3797 4010 3856 suam,

1922 3885 1959 3916 “
2006 3885 2073 3944 et
2140 3879 2459 3966 2ipsemet
2500 3879 2575 3942 in
2618 3879 2749 3944 fine
2815 3901 3152 3964 nunquam
3211 3879 3440 3944 venire
3503 3879 3766 3944 ibidem.
3875 3879 4010 3944 Sed

1918 3987 1957 4014 “
2000 3981 2105 4046 hic
2150 3981 2431 4068 quilibet
2478 3981 2894 4048 Christianus
2959 3985 3182 4068 potest
3245 3981 3490 4062 videre,
3557 3981 3734 4066 quod
3801 3981 4016 4046 multa

1924 4089 1963 4118 “
2008 4089 2257 4150 secreta
2298 4083 2553 4148 falsitas
2600 4087 2701 4148 est
2744 4083 2771 4122 ³
2789 4083 3058 4148 condita
3101 4083 3176 4146 in
3221 4083 3512 4146 Ecclesia
3553 4087 3794 4146 nostra.

2012 4193 2047 4240 ‘2‘
2080 4185 2353 4252 Decima
2400 4185 2747 4252 Conclusio
2795 4189 2894 4250 est
2939 4183 3382 4264 haec.·-—-Quod
3427 4185 3858 4250 homicidium
3903 4207 4020 4272 per

1920 4293 1957 4324 “
2000 4287 2245 4352 bellum
2290 4289 2401 4352 vel
2444 4293 2840 4374 praetensam
2883 4287 3098 4372 legem
3133 4285 3442 4372 justitiae,
3497 4287 3640 4352 sine
3687 4287 4018 4374 spirituali

1924 4397 1959 4422 “
2002 4389 2419 4468 revelatione,
2446 4393 2547 4454 est
2592 4411 2894 4476 expresse
2947 4389 3276 4454 contraria
3321 4389 3516 4454 Novo
3549 4389 4018 4470 Testamento·;

1924 4499 1961 4526 “
2002 4493 2179 4578 quod
2222 4491 2491 4578 quidem
2536 4495 2637 4556 est
2680 4491 2792 4558 lex
2837 4491 3090 4578 gratiae,
3121 4497 3188 4556 et
3227 4491 3500 4580 plenum
3545 4491 4020 4560 misericordiae.

1924 4597 1963 4626 “
2008 4593 2153 4658 Ista
2214 4593 2559 4660 Conclusio
2636 4599 2737 4660 est
2811 4595 3050 4680 aperte*
3111 4593 3390 4680 probata
3455 4615 3574 4680 per
3647 4595 4020 4682 exemplum

1924 4701 1961 4728 “
2008 4695 2379 4782 punitionis
2426 4695 2695 4774 Christi,
2740 4695 2850 4760 hic
2891 4697 2964 4758 in
2995 4701 3210 4776 terra-3
3257 4695 3374 4782 qui
3421 4697 3646 4760 docuit
3689 4697 4024 4760 hominem

1928 4803 1963 4830 “
2008 4797 2093 4862 ad
2158 4797 2565 4884 diligendum
2624 4797 2924 4862 inimicos
2977 4801 3046 4862 et
3097 4799 3548 4864 miserandum
3597 4797 3706 4878 eis,
3763 4801 3834 4864 et
3891 4821 4024 4862 non

1928 4907 1963 4936 “
2008 4901 2109 4966 ad,
2138 4901 2563 4968 occidendum
2610 4921 2731 4966 eos.
2847 4899 3046 4966 Ratio
3093 4907 3194 4964 est
3239 4901 3396 4982 haec,
3431 4901 3588 4990 quia
3631 4923 3748 4986 pro
3793 4901 4028 4986 majori

1930 5009 1969 5038 “
2012 5007 2199 5088 parte
2242 5003 2359 5068 ubi
2402 5003 2703 5068 homines
2746 5007 3068 5090 pugnant,
3111 5007 3264 5088 post
3297 5005 3584 5088 primum
3625 5005 3830 5066 ictum
3871 5007 4028 5068 sunt

1930 5111 1963 5140 “
2008 5109 2201 5170 extra
2246 5105 2611 5182 caritatem,
2654 5109 2721 5170 et
2770 5103 3070 5190 quisquis
3113 5105 3398 5170 moritur
3443 5111 3638 5170 extra
3683 5105 4030 5170 caritatem

1932 5211 1969 5244 “
2012 5207 2211 5272 vadet
2254 5205 2455 5274 altam
2504 5209 2701 5298 viam·
2738 5205 2824 5270 ad
2875 5205 3224 5272 infernum.
3315 5207 3406 5272 Et
3473 5205 3652 5272 ultra
3709 5207 3850 5288 hoc,
3911 5229 4032 5272 nos

1936 5313 1975 5344 “
2020 5307 2465 5396 cognoscimus
2496 5309 2663 5374 bene
2690 5307 2870 5396 quod
2901 5307 3120 5374 nullus
3149 5307 3420 5374 clericus
3443 5309 3566 5374 scit
3603 5307 3630 5346 4
3647 5309 3928 5374 fundare
3963 5331 4030 5374 se

1830 5399 1837 5408 ¹
1936 5417 1975 5446 “
2022 5433 2139 5498 per
2184 5411 2611 5498 Scripturam,
2644 5411 2755 5476 vel
2789 5433 2908 5500 per
2951 5413 3276 5478 rationem
3319 5411 3704 5498 legitimam,
3749 5411 4036 5500 punitio-

1940 5519 1975 5550 “
2022 5535 2177 5578 nem
2218 5515 2451 5578 mortis
2498 5515 2747 5580 Christi
2807 5537 2924 5602 pro
2983 5535 3118 5578 uno
3161 5519 3426 5602 peccato
3471 5513 3754 5592 mortali,
3789 5521 3856 5580 et
3901 5535 4034 5580 non

2002 5691 2019 5718 ¹
2044 5689 2269 5740 Omitted
2288 5687 2345 5736 in
2368 5687 2491 5754 orig.
2518 5709 2531 5748 ;
2566 5687 2794 5750 supplied
2805 5687 2936 5738 from
3019 5689 3198 5754 facere
3221 5679 3480 5750 nunquam,
3501 5687 3558 5736 in
3583 5689 3732 5738 Fasc.
3761 5689 3942 5738 Zizan.

1944 5767 2099 5818 Fasc.
2124 5767 2305 5818 Zizan.
2332 5769 2431 5818 and
2452 5767 2693 5818 Faustina
2714 5769 2773 5816 Β.
2795 5769 2870 5816 ix.
3101 5769 3120 5796 ³
3143 5765 3430 5816 abscondita
3453 5767 3506 5816 in
3531 5767 3682 5816 Fasc.
3709 5767 3890 5816 Zizan.

2004 5849 2027 5878 ²
2048 5847 2155 5896 The
2188 5847 2331 5896 word
2350 5847 2397 5896 is
2420 5847 2597 5910 ipmiuz
2630 5847 2936 5910 apparently,
3101 5849 3120 5876 ⁴
3141 5847 3362 5908 liberare,
3383 5863 3478 5910 per
3515 5845 3824 5912 Scripturam
3873 5881 3888 5898 .
3921 5883 3934 5898 .
3971 5885 3984 5898 .
4019 5885 4034 5898 .

1942 5941 1999 5976 or
2056 5927 2249 5990 closely
2302 5927 2607 5988 resembling
2658 5925 2739 5984 it3
2797 5925 2840 5976 it
2891 5925 2938 5976 is
3029 5927 3326 5992 punitionem
3371 5925 3538 5976 mortis
3575 5943 3672 5990 pro
3711 5941 3822 5986 ww,
3853 5933 3956 5988 etc„
3981 5927 4034 5976 in

1940 6005 2139 6072 ifmmez
2182 6003 2241 6054 in
2278 6005 2523 6056 Faustina
2564 6005 2629 6056 B.
2672 6003 2767 6056 ix.:
2811 6007 2940 6070 ipsos
3035 6007 3188 6058 Fasc.
3217 6005 3398 6054 Zizan.
