5559 8242
1651 2285 1784 2338 A.D.
1813 2289 1956 2336 1313.

1657 3113 1852 3162 Walter

1657 3177 1928 3242 ReynoldS‚

1657 3245 1848 3306 Bishop
1869 3241 1928 3292 of

1659 3311 1958 3368 Worcester,

1661 3377 1706 3426 is
1727 3393 1814 3440 ap-

1661 3445 1862 3506 pointed

1661 3511 1830 3560 Arch-

1661 3577 1840 3642 bishop
1861 3573 1922 3626 of

1665 3645 1870 3696 Canter-

1661 3711 1808 3776 bury.

1973 2079 2058 2138 82
2547 2089 2895 2160 JonANms
2938 2089 3029 2136 DE
3074 2089 3499 2138 TROKELOWE

1979 2277 2492 2342 confirmationis
2555 2277 2901 2362 petiturus,
2948 2277 3175 2340 adivit.
3268 2277 3547 2342 Ostenso
3594 2269 3861 2362 quidem
3906 2277 4065 2340 elec-

1979 2379 2182 2444 tionis
2227 2399 2544 2464 processU,
2589 2379 2740 2444 licet
2804 2379 2879 2444 in
2942 2401 3219 2466 persona
3270 2381 3461 2444 electi
3502 2379 3747 2444 vitium
3790 2401 3921 2444 non
3966 2379 4069 2442 in-

1981 2481 2336 2558 veniretur,
2399 2481 2706 2546 Summus
2767 2487 2993 2548 tamen
3052 2481 3365 2548 Pontifex
3428 2481 3809 2546 electionem
3870 2481 4071 2558 illam,

1979 2589 2130 2670 post
2197 2585 2706 2648 reservationem
2763 2583 2891 2648 sibi
2958 2585 3217 2664 factam,
3286 2584 3537 2650 nullam
3598 2585 3865 2648 omnino
3936 2605 4073 2648 esse

1983 2685 2420 2752 denunciavit.
2511 2685 2600 2748 Et
2647 2685 2803 2772 quia
2848 2687 3135 2752 Ecclesia
3178 2686 3547 2772 Anglicana
3590 2687 3919 2752 continuis
3950 2687 4073 2750 tri-

1983 2787 2432 2854 bulationibus
2463 2791 2847 2866 vexabatur,
2878 2791 3055 2854 idem
3104 2791 3413 2856 Summus
3458 2789 3771 2856 Pontifex
3800 2791 3879 2854 de
3910 2791 4071 2866 vire,

1983 2913 2100 2978 per
2167 2913 2360 2978 quem
2425 2893 2618 2958 dictae
2681 2893 3143 2958 tribulationes
3208 2893 3441 2958 melius
3510 2893 3725 2958 sedari
3790 2897 4071 2978 possent,

1985 2995 2294 3060 Ecclesiae
2335 2995 2630 3060 viduatae
2675 2997 3021 3082 providere
3068 2995 3341 3060 sollicite
3388 2995 3741 3082 cogitabat.

2077 3097 2332 3162 Habito
2375 3097 2580 3182 igitur
2625 3117 2817 3180 super
2882 3097 3011 3162 hiis
3058 3101 3349 3160 tractatu
3402 3098 3675 3180 prolixo,
3740 3101 3809 3160 et
3862 3097 4077 3162 diver-

1987 3219 2208 3262 sorum
2255 3197 2522 3264 consilio
2569 3197 2901 3282 requisito,
2950 3199 3223 3262 tandem
3274 3197 3347 3260 in
3396 3197 3755 3262 Dominum
3800 3197 4079 3284 W[alte-

1989 3301 2190 3390 rum],
2237 3299 2762 3386 Wigorniensem
2808 3301 3219 3386 Episcopum,
3264 3299 3535 3364 Domini
3582 3299 3781 3386 Regis
3816 3297 4077 3386 Angliae

1991 3401 2486 3480 (lamellas-ium,
2561 3405 2780 3468 oculos
2860 3401 3227 3488 dirigebat3
3290 3407 3493 3468 ‘acute
3556 3403 4083 3488 praeponderans

1937 3539 1940 3546 ·
1991 3509 2306 3594 quantam
2375 3505 2660 3592 gratiam
2723 3529 2939 3572 coram
3006 3505 3293 3570 Domino
3370 3507 3551 3592 Rege
3624 3527 3761 3592 prae
3830 3507 4081 3572 caeteris

1991 3609 2394 3686 inveniebat,
2437 3629 2634 3692 quam
2681 3613 2939 3674 mature
2984 3609 3055 3672 in
3104 3629 3221 3674 suo
3266 3607 3475 3674 officio
3530 3629 3685 3694 erga
3744 3629 3967 3672 omnes
4014 3631 4081 3672 se

1991 3711 2296 3788 habebat,
2343 3717 2718 3798 quantaque
2765 3711 3153 3778 discretione
3208 3733 3561 3790 rancorem,
3610 3711 3783 3794 inter
3834 3713 4081 3798 Regem

1995 3821 2064 3880 et
2129 3837 2280 3878 suos
2343 3835 2634 3898 proceres
2699 3819 2973 3892 motum,
3038 3817 3489 3900 temperabat;
3550 3837 3813 3900 sperans
3878 3815 4083 3878 talem

1995 3917 2216 3980 virum
2263 3917 2564 3980 Ecclesiae
2627 3921 2696 3980 et
2763 3939 2963 4004 regno
3030 3917 3315 3980 multum
3366 3939 3555 4000 posse
3598 3917 3925 4002 proficere,
3972 3917 4085 4002 qui

1997 4019 2174 4082 inter
2217 4018 2434 4084 saeculi
2499 4023 2606 4084 tot
2665 4019 3037 4098 varietates,
3086 4019 3329 4106 absque
3394 4017 3669 4104 alicujus
3732 4017 4083 4084 offensione

1999 4121 2192 4186 novit
2249 4121 2564 4200 incedere,
2639 4121 2949 4188 honorem
3018 4119 3511 4186 Cantuariensis
3588 4121 3885 4198 ecelesiae,
3950 4143 4087 4184 una

1999 4247 2146 4290 cum
2207 4223 2426 4310 pallio,
2493 4225 2702 4308 gratis
2775 4223 2901 4288 sibi
2980 4223 3371 4304 conferebat,
3440 4225 3757 4308 praedicto
3818 4225 4085 4290 Thomas

1999 4347 2176 4412 spem
2223 4325 2650 4410 promotionis
2693 4327 3063 4392 honorificae
3110 4327 3573 4412 promittendo,

2089 4429 2322 4494 Dictus
2385 4449 2538 4494 vero
2601 4427 2933 4494 Walterus
2990 4429 3303 4494 honorem
3372 4429 3503 4494 sibi
3572 4429 3897 4506 collatum,
3942 4435 4091 4514 post

2001 4531 2226 4616 longas
2271 4529 2750 4612 reluctationes,
2798 4537 3175 4598 reverenter
3222 4533 3599 4618 suscipiens,
3630 4533 3715 4596 ad
3760 4533 4091 4598 ecelesiam

2003 4631 2544 4698 Cantuariensem
2617 4635 2967 4700 Dominica
3054 4635 3645 4720 Quinquagesimae,
3724 4655 3869 4720 quae
3930 4641 4091 4700 tunc

2005 4735 2480 4800 decimo-tertio
2555 4735 2893 4802 Kalendas
2968 4737 3195 4802 Martii
3270 4737 3593 4816 veniebat,
3664 4737 3949 4818 accessit,
4026 4743 4093 4804 et

2007 4839 2324 4916 omnibus
2371 4859 2518 4924 quae
2577 4841 2664 4904 ad
2729 4845 2987 4904 tantam
3046 4839 3529 4906 solemnitatem
3576 4841 3929 4924 pertinent,
3986 4843 4094 4908 de-

2005 4947 2228 5008 center
2291 4941 2584 5026 expletiS,
2627 4943 2869 5008 festum
2934 4943 3531 5028 splendidissimum
3592 4943 3879 5008 Domino
3926 4947 4093 5032 Regi

2005 5049 2076 5108 et
2121 5043 2414 5130 Reginae,
2477 5045 2859 5130 caeterisque
2918 5045 3359 5130 magnatibuS‚
3426 5067 3623 5110 causa
3680 5045 3887 5130 ipsius
3938 5047 4095 5114 illuc

1907 5159 1914 5166 “
2005 5147 2484 5226 accedentibuS,
2531 5147 2758 5214 eodem
2802 5147 2907 5212 die
2952 5149 3331 5214 solemniter
3376 5147 3745 5214 celebravit.

1681 5501 1816 5552 A.D.
1843 5505 1982 5552 1314.

1679 5581 1844 5630 Death
1867 5581 1928 5632 of

1679 5649 1820 5712 Pope
1837 5649 1952 5698 Cle-

1679 5719 1818 5764 ment
1837 5715 1922 5776 V„

1679 5783 1778 5830 and
1801 5797 1964 5832 acces-

1679 5847 1792 5898 sion
1815 5849 1874 5898 cf

1679 5913 1820 5964 John

1679 5979 1858 6030 XXII.

1679 6045 1844 6110 (AD.

1683 6115 1854 6178 1316.)

2119 5449 2220 5514 De
2269 5447 2620 5514 creatione„
2663 5449 2877 5534 Papoe
2918 5451 2979 5514 J
2972 5447 3271 5514 ohwnnis
3324 5447 3971 5514 Vicesimi-seewndi.

2099 5591 2298 5654 Anno
2345 5591 2616 5654 Domini
2659 5591 3003 5656 millesimo
3048 5591 3505 5658 trecentesimo
3566 5593 4095 5676 quarto-decime,

2009 5715 2184 5760 nono
2245 5691 2352 5758 die
2411 5693 2650 5758 mensis
2695 5693 2965 5778 Aprilis,
3014 5695 3179 5760 obiit
3240 5693 3543 5760 Clemens
3600 5693 3797 5778 Papa,
3864 5695 4095 5758 Archi-

2009 5797 2342 5882 episcopus
2391 5801 2720 5882 quondam
2769 5799 3285 5886 Burdegalensis
3382 5797 3507 5862 Oui
3558 5799 3863 5862 successit
3908 5797 3957 5862 J
3956 5821 4097 5864 aco-

2009 5901 2132 5964 bus
2181 5897 2534 5984 Episcopus
2579 5901 3007 5976 Avennoniae,
3052 5905 3119 5966 et
3162 5905 3435 5964 vocatus
3480 5905 3579 5964 est
3628 5907 3663 5934 “
3680 5899 3729 5964 J
3732 5901 4021 5964 ohannes
4044 5901 4099 5964 :’'

2013 6003 2124 6066 sed
2173 6001 2374 6066 Curia
2417 6001 2594 6066 inter
2637 6025 2742 6068 eos
2786 6003 3049 6068 biennio
3078 6003 3379 6068 vacavit.
