5559 8242
2477 2067 2682 2118 REGIS
2727 2067 3027 2118 ANGLIAE.
3658 2061 3789 2124 383

1779 2253 1944 2318 Haec
2003 2255 2312 2340 expertus
2373 2257 2472 2316 est
2547 2253 2688 2338 ipse
2749 2253 3075 2316 Dominus
3140 2253 3221 2316 de
3276 2251 3595 2332 Castellis,
3660 2255 3791 2340 qui,
3816 2265 3953 2318 A.D.
3984 2277 4122 2321 1404.

1693 2359 1850 2422 dum
1913 2361 2114 2442 putat
2177 2355 2250 2418 in
2311 2355 2552 2420 mentis
2615 2355 2893 2418 audacia
2956 2355 3289 2418 neminem
3358 2355 3483 2418 sibi
3546 2377 3789 2440 parem,
3812 2343 4013 2462 {iffimh

1691 2461 1850 2524 dum
1907 2459 2084 2544 apud
2147 2457 2628 2524 Dortemouthe
2675 2461 2919 2520 terram
2976 2457 2995 2494 ¹
3022 2457 3297 2534 scandit,
3360 2479 3399 2520 a
3458 2457 3785 2524 ruralibus
3810 2477 3933 2528 land
3954 2485 4007 2528 at

1689 2565 1786 2626 est
1837 2583 2196 2646 oppressus,
2243 2563 2310 2626 et
2355 2561 2484 2626 hiis
2531 2563 2556 2598 2
2577 2583 2738 2646 quos
2786 2559 3073 2624 maxime
3120 2559 3405 2624 habebat
3452 2561 3783 2646 despectui
3804 2543 4123 2662 ξζέῖῗέἓΰΐῇ

1687 2661 2082 2730 interfectus.
2173 2661 2398 2748 Atque
2445 2663 2538 2728 sic
2581 2661 2666 2726 ab
2715 2661 2945 2726 eodem
3808 2677 3953 2730 Sieur
3978 2651 4039 2758 dja

1867 2791 1900 2818 “
1943 2781 2186 2868 Exegit
2235 2783 2464 2870 dignas
2507 2781 2720 2846 ultrix
2765 2781 2793 2816 3
2818 2781 3223 2846 Rhamnusia
3268 2803 3497 2866 poenas
3522 2781 3581 2862 3³²
3808 2743 4057 2862 31³3?th

3806 2877 3985 2940 leader,
4008 2879 4053 2928 is

1685 2901 2012 2988 siquidem
2071 2901 2356 2988 plebani,
2405 2901 2544 2966 sive
2605 2901 2853 2980 rustici,
2902 2901 3017 2988 qui
3076 2921 3277 2988 prope
3336 2901 3779 2978 morabantur,
3808 2945 3947 2994 slain.

1683 3025 1832 3066 cum
1877 3003 2196 3068 vidissent
2243 3005 2512 3068 classem
2555 3023 2867 3088 magnam
2912 3023 3033 3090 per
3078 3003 3325 3068 multos
3370 3001 3617 3088 4[dies]
3660 3027 3783 3066 an-

1683 3107 1948 3170 chorare
1995 3127 2210 3168 coram
2253 3111 2456 3192 portu
2483 3105 2582 3178 ,de
2633 3103 3093 3180 Dortemouth,
3146 3105 3297 3184 rati,
3358 3109 3553 3190 prout
3618 3107 3775 3184 erat,

1679 3207 1900 3272 hostes
1931 3207 2174 3286 adesse,
2207 3207 2512 3270 noctibus
2557 3207 3023 3270 confluxerunt
3056 3205 3143 3268 ad
3174 3205 3421 3282 villam,
3450 3209 3527 3270 ut
3558 3225 3777 3270 ascen-

1677 3329 1824 3372 sum
1873 3309 2166 3374 hostium
2211 3309 2650 3396 prohiberent.
2745 3309 3071 3372 Dominus
3118 3329 3273 3372 vero
3322 3309 3405 3372 de
3452 3307 3771 3388 Castellis,

1675 3413 1744 3474 et
1789 3411 1900 3496 qui
1949 3433 2096 3474 cum
2141 3433 2216 3474 eo
2265 3415 2472 3488 erant,
2519 3411 2831 3494 augurati
2874 3409 3107 3474 villam
3156 3409 3489 3474 defensore
3536 3431 3771 3488 carere,

1673 3511 1830 3596 quia
1863 3513 2202 3578 neminem
2245 3513 2470 3576 videre
2515 3511 2873 3576 sollicitum
2918 3511 3005 3576 ad
3048 3511 3549 3596 praeparandum
3578 3511 3771 3574 resis-

1671 3615 1970 3694 tentiam,
2033 3621 2180 3702 post
2241 3637 2356 3680 sex
2417 3615 2556 3678 dies
2615 3613 2901 3678 navibus
2964 3611 3279 3678 exsiliere.
3402 3611 3531 3676 Sed
3584 3611 3777 3676 aliter

1669 3717 1896 3780 evenit
1973 3739 2172 3802 quam
2231 3719 2640 3804 sperabant3
2713 3713 2869 3800 quia
2930 3713 3275 3780 confestim
3352 3717 3773 3780 occurrerunt

1667 3817 1956 3882 Domino
2003 3819 2084 3882 de
2121 3819 2440 3898 Castellis,
2475 3817 2590 3904 qui
2633 3815 2887 3900 primus
2930 3815 3283 3892 exsilierat,
3322 3821 3455 3882 tres
3486 3813 3723 3880 valetti
3752 3839 3771 3894 3

1667 3921 1784 4004 qui
1827 3941 1976 3984 cum
2021 3921 2336 4006 impedire
2381 3919 2632 4012 velient
2695 3939 3109 4002 progressum
3172 3939 3381 3996 suum,
3442 3917 3771 4004 perempti

1663 4025 1820 4086 sunt
1867 4021 1952 4084 ab
1999 4041 2090 4098 ee,
2141 4043 2312 4086 unus
2371 4027 2518 4106 post
2581 4019 2799 4096 alium,
2864 4019 3051 4084 brevi
3164 4041 3291 4084 ora.
3416 4021 3563 4098 Quo
3622 4041 3767 4084 suc-

1663 4143 1848 4188 cessu
1879 4121 2150 4188 effectus
2181 4123 2504 4200 audacior,
2537 4121 2847 4206 progredi
2878 4143 3041 4184 cona
3088 4125 3257 4200 atur,
3294 4121 3429 4188 suis
3460 4121 3765 4200 innuenS,

1661 4229 1740 4288 ut
1791 4227 2234 4308 sequerentur.
2327 4221 2554 4288 Secuti
2615 4229 2772 4286 sunt
2834 4245 2987 4308 ergo
3048 4223 3337 4308 plurimi,
3402 4225 3585 4290 ducis
3646 4245 3765 4286 ex-

1661 4325 1876 4410 emplo
1921 4327 2282 4410 compositi,
2317 4329 2386 4390 et
2415 4325 2670 4390 aridam
2701 4325 3085 4410 contingere
3116 4327 3553 4392 decertabant.
3632 4323 3767 4404 Qui

1661 4449 1814 4492 vero
1875 4425 2270 4512 jamdudum
2343 4427 2420 4490 de
2497 4427 2807 4514 patriotis
2882 4427 3307 4508 delituerant,
3384 4431 3765 4492 constanter

1655 4527 2090 4614 irrumpentes
2137 4533 2486 4594 occurrunt
2533 4529 2927 4594 adversariis
2976 4551 3123 4592 cum
3170 4529 3409 4614 gladiis
3454 4535 3521 4596 et
3568 4527 3763 4592 fusti·-

1657 4631 1794 4708 bus,
1839 4637 1906 4696 et
1953 4629 2410 4694 instrumentis
2473 4629 2620 4694 aliis
2665 4631 3113 4698 ruricolarum.
3232 4633 3431 4696 Unde
3478 4627 3765 4716 contigit

1655 4737 1732 4812 ut
1791 4731 2118 4796 Dominus
2165 4733 2244 4796 de
2291 4731 2612 4810 CasteHiS,
2661 4733 2774 4816 qui
2836 4733 3249 4818 praecedebat
3296 4739 3579 4810 caeteros,
3624 4751 3761 4818 prce

1653 4835 1902 4898 caeteris
1949 4833 1976 4870 ⁵
1995 4839 2444 4914 sterneretur3
2505 4839 2572 4900 et
2621 4833 2774 4918 quia
2812 4833 2955 4916 jam
3000 4831 3359 4898 multitudo
3406 4835 3759 4898 Britonum

1651 4941 1892 5000 terram
1937 4937 2300 5016 scanderat,
2359 4957 2480 5000 nec
2537 4935 2726 5000 facile
2786 4935 3031 5000 reverti
3092 4939 3413 5020 poterant,
3464 4935 3757 4998 dicentes

1651 5061 1772 5124 pro
1835 5045 2008 5102 certo
2071 5039 2248 5122 quod
2313 5037 2456 5122 jam
2533 5057 2650 5120 pm
2713 5037 3039 5124 capitibus
3116 5037 3453 5122 agebatur,
3532 5035 3751 5124 animo

1647 5125 1842 5204 feroci
1889 5163 1956 5204 se
2017 5139 2360 5204 defendere
2405 5141 2853 5212 tentaverunt.
2952 5137 3081 5202 Sed
3126 5139 3369 5202 nostris
3416 5137 3441 5174 ⁶
3462 5135 3751 5220 vulgari-

1647 5241 1770 5308 bus
1829 5241 2126 5306 animum
2187 5239 2212 5276 ⁷
2233 5261 2564 5326 paravere,
2629 5243 2698 5304 et
2755 5239 2951 5320 vires,
3012 5237 3331 5326 gloriosus
3396 5243 3749 5326 apparatus

1645 5341 1952 5420 hostium,
2009 5341 2514 5428 pretiosissimus
2575 5341 2875 5420 amictus,
2946 5345 3013 5404 et
3072 5341 3331 5426 fiilgens
3392 5345 3743 5406 armatura.

1649 5443 2026 5530 Reputabat
2071 5463 2142 5508 se
2189 5441 2466 5526 quisque
2513 5443 2799 5520 beatum,
2850 5443 2903 5506 si
2950 5443 3315 5526 peremisse,
3362 5439 3469 5504 vel
3576 5463 3745 5526 prae-

1711 5671 1726 5698 ¹
1751 5667 1928 5726 scandt
1947 5667 2002 5716 in
2025 5667 2148 5734 orig.
2808 5667 2829 5694 ⁵
2848 5673 3087 5716 sternetur
3106 5667 3161 5716 in
3186 5667 3309 5730 orig.

1709 5747 1730 5776 ²
1749 5745 2006 5808 Repeated
2027 5745 2084 5796 in
2105 5745 2232 5810 orig.
2804 5747 2825 5776 ⁶
2846 5745 3111 5808 ungaribus
3132 5745 3189 5794 in
3210 5745 3339 5808 orig.

1709 5825 1730 5854 ⁸
1751 5823 1990 5872 Ranusia
2013 5823 2068 5872 in
2085 5825 2220 5888 orig.
2255 5825 2366 5874 The
2389 5823 2648 5886 quotation
2812 5827 2829 5852 ⁷
2840 5841 3025 5888 pavere
3044 5823 3101 5870 in
3124 5823 3253 5886 orig.

1643 5899 1688 5950 is
1707 5901 1836 5952 from
1863 5901 2040 5954 Ovid’s
2067 5901 2272 5964 Tristia,
2295 5919 2344 5954 v.
2365 5907 2410 5962 8,
2429 5901 2464 5952 l.
2483 5907 2530 5952 9.
2810 5903 2829 5930 ⁸
2840 5901 3129 5966 praedidz‘sse
3150 5901 3205 5950 in
3228 5901 3355 5964 orig.

1705 5979 1724 6008 ⁴
1751 5979 1976 6030 Omitted
1991 5981 2048 6030 in
2067 5981 2192 6046 orig.
