5559 8242
2378 2059 2581 2108 nnsis
2624 2057 2920 2112 ANGLIAE.
3555 2049 3680 2112 161

1594 2249 1887 2316 Tandem
1942 2267 2097 2314 vero
2140 2269 2257 2334 per
2300 2247 2545 2314 amicos
2590 2247 2749 2314 dicti
2795 2245 3046 2326 militis,
3095 2249 3164 2312 et
3205 2245 3366 2334 ipse,
3395 2251 3682 2334 postmo-
3703 2257 4012 2320 A.D.1393.

1590 2355 1749 2418 dum
1796 2349 2179 2416 interfectus
2224 2349 2397 2432 fuit3
2458 2351 2631 2414 unde
2694 2351 2990 2416 maxima
3047 2349 3458 2436 perturbatio
3503 2351 3680 2416 facta

1584 2457 1797 2520 fuerat
1856 2455 1929 2518 in
1984 2453 2219 2540 patria,
2276 2451 2375 2518 ita
2434 2457 2511 2518 ut
2570 2457 2641 2518 in
2686 2475 2753 2520 se
2799 2453 3136 2518 videretur
3197 2451 3676 2538 quodammodo

1582 2559 1807 2622 divisa.
1896 2555 2111 2620 Auxit
2168 2555 2437 2644 insuper
2482 2577 2707 2622 eorum
2764 2557 3180 2622 insolentiam
3227 2555 3674 2622 Oestrencium

1578 2661 1953 2750 pertinacia,
2002 2661 2245 2728 eisdem
2304 2655 2697 2730 alterutrum
2758 2663 2880 2728 sub
2933 2665 3176 2728 'mutua
3217 2661 3670 2730 vicissitudine

1578 2765 2029 2832 confoederata.

1664 2867 2017 2934 Pacificata
2074 2867 2299 2956 itaque
2366 2867 2453 2934 ad
2512 2871 2747 2934 votum
2805 2867 2984 2934 dicta
3043 2867 3260 2956 patria
3311 2889 3428 2934 sua
3473 2867 3668 2934 solita
3691 2873 3962 2940 Byskilful

1574 2969 1943 3056 prudentia,
2008 2969 2379 3058 adeptaque
2448 2973 2679 3056 postea
2754 2971 3332 3036 Lancastrencium
3399 2967 3664 3036 fortitu·
3687 2957 3948 3066 Ξζξῗὲξῇθ

1570 3075 1739 3150 dine,
1788 3071 1987 3138 simul
2032 3075 2101 3138 et
2142 3069 2621 3150 benevolentia,
2668 3077 2900 3140 contra
2945 3071 3322 3138 Cestrenses
3369 3073 3662 3152 divertit,
3685 3075 3838 3126 Duke
3861 3077 3922 3126 of

1570 3181 1645 3240 ut
1692 3195 1799 3240 eos
1852 3177 1975 3238 sub
2042 3175 2273 3242 debita
2332 3173 2615 3260 ligentia
2676 3177 3024 3260 redigeret,
3087 3177 3254 3240 alias
3321 3175 3394 3240 in
3455 3195 3656 3240 manu
3683 3141 3944 3272 ,Igssnffissfis

1564 3277 1787 3342 valida
1860 3277 2145 3343 viriliter
2220 3279 2595 3364 castigaret.
2716 3279 2976 3343 Statuit
3047 3282 3272 3344 tamen
3347 3275 3658 3362 primitus
3683 3277 3768 3324 the
3789 3277 3954 3354 insui·

1562 3401 1747 3444 suam
1792 3379 2237 3446 innocentiam
2284 3381 2529 3446 eisdem
2592 3403 2934 3466 exponere,
2983 3384 3054 3445 et
3099 3403 3206 3446 eos
3251 3401 3292 3444 a
3335 3377 3656 3466 praedicta
3681 3351 3950 3460 gffgffirssn

1560 3505 1677 3546 sua
1742 3483 2095 3550 insolentia
2140 3486 2207 3548 et
2252 3483 2591 3570 sanguinis
2638 3483 2950 3548 effusione
3005 3483 3090 3546 ad
3151 3481 3440 3547 debitam
3499 3483 3652 3548 sub-

1546 3585 1903 3670 jectionem
1968 3585 2425 3674 quoquomodo
2490 3605 2814 3650 revocare.
2925 3585 3126 3648 Unde
3193 3585 3510 3670 quosdam
3571 3585 3652 3648 de

1558 3687 2065 3774 sapientioribus
2110 3685 2245 3752 suis
2290 3687 2617 3752 militibus
2678 3687 2763 3750 ad
2825 3687 3086 3752 eosdem
3147 3685 3532 3764 transmisit,
3581 3691 3650 3750 et

1554 3789 1635 3854 de
1682 3789 1811 3854 sibi
1852 3789 2179 3874 impositis
2244 3787 2643 3854 sufficienter
2696 3789 3034 3866 satisfecit,
3079 3789 3176 3852 ita
3221 3787 3398 3874 quod
3441 3807 3648 3874 popu-

1552 3891 1705 3970 lu‘m,
1770 3891 1851 3956 de
1910 3879 2029 3956 sua
2088 3889 2443 3954 insolentia
2510 3889 2671 3955 satis
2732 3889 3186 3976 poenitentem,
3233 3889 3318 3952 ad
3385 3889 3648 3974 propria

1548 3993 1933 4058 remitteret.
2024 3991 2161 4078 Maj
2168 3993 2389 4056 oribus
2434 4011 2591 4058 vero
2638 3993 2753 4076 qui
2799 3991 3048 4057 dictam
3095 3991 3484 4056 seditionem
3529 4013 3645 4056 ex-

1494 4147 1497 4150 .
1546 4095 1915 4161 citaverant
1966 4093 2047 4160 de
2110 4115 2229 4158 sua
2288 4091 2545 4160 malitia
2602 4091 3010 4180 poenitentes
3055 4115 3192 4160 non
3239 4095 3448 4158 solum
3495 4113 3648 4158 con-

1546 4197 1837 4276 donavit,
1886 4197 2001 4262 sed
2046 4197 2131 4262 ad
2176 4195 2567 4260 familiarem
2612 4195 3160 4276 communionem,
3209 4199 3440 4262 contra
3497 4193 3644 4280 plu-

1270 4321 1275 4408 >
1542 4299 1859 4366 rimorum
1904 4321 2087 4386 spem
2130 4303 2199 4364 et
2244 4299 2607 4376 consilium,
2652 4297 2940 4384 gratiose
2993 4297 3302 4380 admisit;
3365 4295 3638 4366 rebelles

1270 4417 1273 4420 ’
1544 4423 1697 4466 vero
1742 4401 1921 4488 regio
1956 4399 2213 4486 judicio
2256 4401 2767 4488 prudentissime
2815 4397 3194 4467 reservavit.
3313 4401 3638 4488 Pauperes
3661 4421 3742 4474 He
3761 4423 3916 4474 raises

1270 4541 1277 4592 ‚⁵
1542 4525 1693 4570 vero
1740 4503 2065 4568 dictarum
2122 4503 2433 4590 partium,
2494 4503 2677 4590 pacis
2734 4503 2972 4590 patriae
3037 4503 3474 4592 impatienteS,
3519 4503 3634 4588 qui
3657 4497 3872 4608 {2225ss
3873 4573 3898 4606 r

1540 4605 1781 4670 dictam
1824 4605 2219 4670 seditionem
2248 4605 2719 4680 excitaverant,
2752 4611 2822 4668 et
2859 4605 2942 4670 ob
2983 4605 3106 4670 hoc
3145 4605 3320 4668 inter
3365 4593 3740 4670 caeteros‘the
3761 4623 3944 4686 King’s

1538 4711 1879 4792 expectare
1938 4707 2395 4790 nequiverant,
2456 4727 2593 4770 non
2652 4705 2866 4772 solum
2911 4707 2996 4770 ad
3041 4707 3322 4794 gratiam
3367 4707 3628 4792 recepit,
3653 4689 3942 4820 2ssfl{{⁰l‘‡a{‚¹‡3

1536 4829 1761 4872 verum
1792 4807 1995 4874 etiam
2034 4807 2119 4872 ad
2156 4829 2485 4872 armorum
2516 4807 2924 4886 exercitium,
2969 4831 3088 4894 pro
3123 4831 3240 4872 suo
3271 4809 3626 4890 commode,
3945 4795 3958 4808 ’

1532 4911 1619 4974 ad
1660 4915 1881 4996 partes
1930 4909 2285 4990 Gasconiae,
2330 4915 2397 4974 et
2440 4911 2603 4976 alias
2650 4933 2788 4974 suae
2839 4911 3082 4976 ditioni
3141 4911 3456 4990 subditas,
3497 4913 3630 4976 lar·-

1530 5015 1701 5098 giter
1728 5013 2159 5100 stipendiatos
2182 5013 2565 5080 transmisit.
2646 5013 2966 5078 Videntes
2987 5013 3216 5098 itaque
3245 5035 3382 5078 non
3413 5015 3626 5078 solum
3653 5021 3914 5100 Commen-

1270 5129 1275 5160 ι
1528 5115 1855 5200 regnicoli,
1910 5115 2025 5180 sed
2084 5115 2287 5180 etiam
2338 5115 2657 5192 extranei,
2706 5119 2775 5180 et
2819 5115 3148 5202 praecipue
3193 5115 3462 5200 quidam
3507 5137 3622 5180 va·-
3645 5091 3848 5206 ἓῖᾒζᾚῧ
3871 5093 3956 5142 be*

1528 5213 1837 5282 lentiores
1882 5217 2127 5282 milites
2172 5217 2593 5298 Francorum,
2642 5239 2717 5282 eo
2762 5223 3056 5304 tempore
3101 5223 3370 5304 propter
3415 5217 3622 5282 ardua
3647 5237 3778 5286 upon
3801 5223 3924 5276 him.

1526 5319 1791 5406 negotia
1834 5319 1919 5382 ad
1962 5319 2181 5404 ipsum
2226 5319 2561 5398 destinati,
2592 5323 2858 5384 tantum
2903 5321 3264 5406 principem
3307 5319 3380 5382 in
3427 5324 3620 5386 tanta

1528 5439 1643 5484 sua
1684 5421 1989 5508 potentia
2038 5427 2271 5486 contra
2328 5441 2479 5486 suos
2530 5421 2844 5508 capitales
2893 5421 3196 5488 inimicos
3241 5426 3380 5487 tam
3425 5423 3618 5488 mise-

1524 5521 1857 5598 ricordem,
1886 5527 1955 5586 et
1992 5523 2067 5586 in
2098 5523 2351 5588 caeteris
2398 5523 2531 5588 suis
2576 5523 2834 5588 actibus
2879 5529 3020 5588 tam
3059 5523 3332 5600 felicem,
3373 5523 3616 5588 famam

1524 5623 1661 5706 ejus
1726 5625 1963 5692 merito
2038 5623 2623 5690 commendabilem
2698 5625 3152 5712 multipliciter
3227 5625 3614 5702 dilatabant,

1522 5733 1879 5792 asserentes
1936 5747 2213 5814 regnum
2274 5727 2447 5792 nulli
2508 5727 2872 5792 discrimini
2935 5727 3188 5812 subjici,
3255 5727 3612 5792 dummodo

1520 5827 1639 5904 tali
1680 5829 2001 5916 regimine
2046 5829 2457 5916 contingeret
2500 5829 2872 5914 gubernari.

1612 5931 1771 5994 Dux
1818 5931 2085 5997 interim
2132 5931 2557 5996 Gloucestriae
2612 5931 2697 5996 ad
2754 5953 2876 5996 sua
2939 5931 3236 6006 divertit,
3287 5933 3356 5994 et
3401 5929 3488 5996 ad
3541 5951 3608 5996 se
3635 5945 3918 6066 ‘131311311110

3295 6049 3340 6096 L
3633 6029 3664 6064 Ο
3779 6031 3868 6066 ou·
3937 6059 3944 6064 ,.
