<?xml version="1.0" encoding="UTF-8"?>
<!DOCTYPE html PUBLIC "-//W3C//DTD XHTML 1.0 Transitional//EN"
    "http://www.w3.org/TR/xhtml1/DTD/xhtml1-transitional.dtd">
<html xmlns="http://www.w3.org/1999/xhtml" xml:lang="en" lang="en">
 <head>
  <title>
</title>
<meta http-equiv="Content-Type" content="text/html;charset=utf-8" />
  <meta name='ocr-system' content='tesseract 3.04.00' />
  <meta name='ocr-capabilities' content='ocr_page ocr_carea ocr_par ocr_line ocrx_word'/>
</head>
<body>
  <div class='ocr_page' id='page_1' title='image "./johannisdetroke00rilegoog_0071.png"; bbox 0 0 5559 8242; ppageno 0'>
   <div class='ocr_carea' id='block_1_1' title="bbox 1822 2055 3314 2114">
    <p class='ocr_par' dir='ltr' id='par_1_1' title="bbox 1822 2055 3314 2114">
     <span class='ocr_line' id='line_1_1' title="bbox 1822 2055 3314 2114; baseline -0.001 0"><span class='ocrx_word' id='word_1_1' title='bbox 1822 2083 1825 2086; x_wconf 91' lang='lat'><strong>·</strong></span> <span class='ocrx_word' id='word_1_2' title='bbox 1902 2055 1985 2114; x_wconf 83' lang='lat'>20</span> <span class='ocrx_word' id='word_1_3' title='bbox 2574 2063 2749 2112; x_wconf 71' lang='lat' dir='ltr'>opus</span> <span class='ocrx_word' id='word_1_4' title='bbox 2795 2061 3314 2112; x_wconf 74' lang='lat' dir='ltr'>ennomcontm.</span> 
     </span>
    </p>
   </div>
   <div class='ocr_carea' id='block_1_2' title="bbox 1570 2247 3992 2524">
    <p class='ocr_par' dir='ltr' id='par_1_2' title="bbox 1570 2247 3992 2524">
     <span class='ocr_line' id='line_1_2' title="bbox 1570 2247 3992 2336; baseline -0.004 -12"><span class='ocrx_word' id='word_1_5' title='bbox 1570 2275 1703 2324; x_wconf 87' lang='lat' dir='ltr'><strong>A.D.</strong></span> <span class='ocrx_word' id='word_1_6' title='bbox 1732 2273 1873 2320; x_wconf 77' lang='lat'><strong>1265.</strong></span> <span class='ocrx_word' id='word_1_7' title='bbox 1894 2253 2099 2318; x_wconf 81' lang='lat' dir='ltr'>visset</span> <span class='ocrx_word' id='word_1_8' title='bbox 2122 2253 2445 2320; x_wconf 81' lang='lat' dir='ltr'>Comitem</span> <span class='ocrx_word' id='word_1_9' title='bbox 2476 2253 2848 2316; x_wconf 84' lang='lat' dir='ltr'>Leicestriae</span> <span class='ocrx_word' id='word_1_10' title='bbox 2879 2251 2972 2316; x_wconf 90' lang='lat' dir='ltr'>sic</span> <span class='ocrx_word' id='word_1_11' title='bbox 3003 2251 3398 2330; x_wconf 87' lang='lat' dir='ltr'>occubuisse,</span> <span class='ocrx_word' id='word_1_12' title='bbox 3419 2273 3596 2336; x_wconf 84' lang='lat' dir='ltr'>aegre</span> <span class='ocrx_word' id='word_1_13' title='bbox 3629 2247 3992 2330; x_wconf 80' lang='lat' dir='ltr'>sustinuit3</span> 
     </span>
     <span class='ocr_line' id='line_1_3' title="bbox 1714 2347 3980 2444; baseline -0.001 -26"><span class='ocrx_word' id='word_1_14' title='bbox 1714 2347 1719 2356; x_wconf 70' lang='grc'>’</span> <span class='ocrx_word' id='word_1_15' title='bbox 1900 2357 2119 2418; x_wconf 88' lang='lat' dir='ltr'>animo</span> <span class='ocrx_word' id='word_1_16' title='bbox 2164 2355 2433 2420; x_wconf 84' lang='lat' dir='ltr'>molesto</span> <span class='ocrx_word' id='word_1_17' title='bbox 2478 2359 2930 2418; x_wconf 83' lang='lat' dir='ltr'>consternatus</span> <span class='ocrx_word' id='word_1_18' title='bbox 2977 2359 3092 2432; x_wconf 87' lang='lat' dir='ltr'>est,</span> <span class='ocrx_word' id='word_1_19' title='bbox 3143 2377 3402 2420; x_wconf 82' lang='lat' dir='ltr'>necnon</span> <span class='ocrx_word' id='word_1_20' title='bbox 3455 2361 3524 2444; x_wconf 88' lang='lat' dir='ltr'>et</span> <span class='ocrx_word' id='word_1_21' title='bbox 3581 2353 3980 2432; x_wconf 85' lang='lat' dir='ltr'>Edwardus;</span> 
     </span>
     <span class='ocr_line' id='line_1_4' title="bbox 1898 2457 3992 2524; baseline -0.001 -2"><span class='ocrx_word' id='word_1_22' title='bbox 1898 2459 2145 2522; x_wconf 87' lang='lat' dir='ltr'>vellent</span> <span class='ocrx_word' id='word_1_23' title='bbox 2206 2459 2379 2522; x_wconf 90' lang='lat' dir='ltr'>enim</span> <span class='ocrx_word' id='word_1_24' title='bbox 2438 2479 2587 2520; x_wconf 89' lang='lat' dir='ltr'>eum</span> <span class='ocrx_word' id='word_1_25' title='bbox 2630 2457 2864 2520; x_wconf 79' lang='lat' dir='ltr'>vivum</span> <span class='ocrx_word' id='word_1_26' title='bbox 2923 2461 2990 2520; x_wconf 90' lang='lat' dir='ltr'>et</span> <span class='ocrx_word' id='word_1_27' title='bbox 3051 2457 3332 2520; x_wconf 71' lang='lat' dir='ltr'>illaesum</span> <span class='ocrx_word' id='word_1_28' title='bbox 3399 2457 3724 2524; x_wconf 83' lang='lat' dir='ltr'>habuisse.</span> <span class='ocrx_word' id='word_1_29' title='bbox 3819 2457 3992 2520; x_wconf 88' lang='lat' dir='ltr'>Tan-</span> 
     </span>
    </p>
   </div>
   <div class='ocr_carea' id='block_1_3' title="bbox 1902 2559 4082 2646">
    <p class='ocr_par' dir='ltr' id='par_1_3' title="bbox 1902 2559 4082 2646">
     <span class='ocr_line' id='line_1_5' title="bbox 1902 2559 4082 2646; baseline -0.001 -22"><span class='ocrx_word' id='word_1_30' title='bbox 1902 2561 2065 2638; x_wconf 86' lang='lat' dir='ltr'>dem,</span> <span class='ocrx_word' id='word_1_31' title='bbox 2122 2583 2267 2622; x_wconf 90' lang='lat' dir='ltr'>cum</span> <span class='ocrx_word' id='word_1_32' title='bbox 2312 2559 2529 2624; x_wconf 86' lang='lat' dir='ltr'>omnia</span> <span class='ocrx_word' id='word_1_33' title='bbox 2576 2581 2721 2644; x_wconf 86' lang='lat' dir='ltr'>quae</span> <span class='ocrx_word' id='word_1_34' title='bbox 2764 2561 2850 2624; x_wconf 87' lang='lat' dir='ltr'>ad</span> <span class='ocrx_word' id='word_1_35' title='bbox 2893 2559 3082 2624; x_wconf 92' lang='lat' dir='ltr'>illum</span> <span class='ocrx_word' id='word_1_36' title='bbox 3133 2559 3310 2624; x_wconf 87' lang='lat' dir='ltr'>diem</span> <span class='ocrx_word' id='word_1_37' title='bbox 3353 2561 3788 2646; x_wconf 71' lang='lat' dir='ltr'>pertinerent,</span> <span class='ocrx_word' id='word_1_38' title='bbox 3839 2581 3992 2624; x_wconf 91' lang='lat' dir='ltr'>con·-</span> <span class='ocrx_word' id='word_1_39' title='bbox 4071 2567 4082 2584; x_wconf 64' lang='lat'><strong><em>³</em></strong></span> 
     </span>
    </p>
   </div>
   <div class='ocr_carea' id='block_1_4' title="bbox 1558 2661 4006 4182">
    <p class='ocr_par' dir='ltr' id='par_1_4' title="bbox 1558 2661 4006 4182">
     <span class='ocr_line' id='line_1_6' title="bbox 1904 2661 3990 2748; baseline 0 -24"><span class='ocrx_word' id='word_1_40' title='bbox 1904 2667 2403 2740; x_wconf 74' lang='lat' dir='ltr'>summai-entur,</span> <span class='ocrx_word' id='word_1_41' title='bbox 2470 2663 2621 2726; x_wconf 80' lang='lat' dir='ltr'>Rex</span> <span class='ocrx_word' id='word_1_42' title='bbox 2694 2669 2759 2728; x_wconf 90' lang='lat' dir='ltr'>et</span> <span class='ocrx_word' id='word_1_43' title='bbox 2825 2661 2928 2726; x_wconf 86' lang='lat' dir='ltr'>sui</span> <span class='ocrx_word' id='word_1_44' title='bbox 2989 2661 3078 2724; x_wconf 88' lang='lat' dir='ltr'>ad</span> <span class='ocrx_word' id='word_1_45' title='bbox 3137 2663 3404 2748; x_wconf 88' lang='lat' dir='ltr'>propria</span> <span class='ocrx_word' id='word_1_46' title='bbox 3467 2661 3990 2740; x_wconf 87' lang='lat' dir='ltr'>declinaverunt,</span> 
     </span>
     <span class='ocr_line' id='line_1_7' title="bbox 1572 2763 3988 2850; baseline -0.001 -20"><span class='ocrx_word' id='word_1_47' title='bbox 1572 2777 1669 2830; x_wconf 79' lang='lat' dir='ltr'>His</span> <span class='ocrx_word' id='word_1_48' title='bbox 1690 2771 1885 2840; x_wconf 75' lang='lat' dir='ltr'>bodyis</span> <span class='ocrx_word' id='word_1_49' title='bbox 1908 2769 1977 2828; x_wconf 89' lang='lat' dir='ltr'>et</span> <span class='ocrx_word' id='word_1_50' title='bbox 2012 2763 2105 2826; x_wconf 89' lang='lat' dir='ltr'>sic</span> <span class='ocrx_word' id='word_1_51' title='bbox 2134 2763 2215 2828; x_wconf 88' lang='lat' dir='ltr'>de</span> <span class='ocrx_word' id='word_1_52' title='bbox 2244 2763 2533 2850; x_wconf 79' lang='lat' dir='ltr'>singulis,</span> <span class='ocrx_word' id='word_1_53' title='bbox 2626 2763 2882 2830; x_wconf 87' lang='lat' dir='ltr'>Deinde</span> <span class='ocrx_word' id='word_1_54' title='bbox 2927 2769 3252 2830; x_wconf 88' lang='lat' dir='ltr'>venerunt</span> <span class='ocrx_word' id='word_1_55' title='bbox 3303 2763 3602 2828; x_wconf 89' lang='lat' dir='ltr'>monachi</span> <span class='ocrx_word' id='word_1_56' title='bbox 3653 2763 3734 2830; x_wconf 92' lang='lat' dir='ltr'>de</span> <span class='ocrx_word' id='word_1_57' title='bbox 3767 2763 3988 2830; x_wconf 86' lang='lat' dir='ltr'>Heve·</span> 
     </span>
     <span class='ocr_line' id='line_1_8' title="bbox 1576 2845 3988 2972; baseline 0 -42"><span class='ocrx_word' id='word_1_58' title='bbox 1576 2845 1843 2972; x_wconf 48' lang='grc' dir='ltr'>ζῗὲξὲξ),</span> <span class='ocrx_word' id='word_1_59' title='bbox 1908 2865 2137 2932; x_wconf 80' lang='lat' dir='ltr'>sham:</span> <span class='ocrx_word' id='word_1_60' title='bbox 2182 2889 2409 2952; x_wconf 88' lang='lat' dir='ltr'>corpus</span> <span class='ocrx_word' id='word_1_61' title='bbox 2452 2867 2751 2952; x_wconf 86' lang='lat' dir='ltr'>praedicti</span> <span class='ocrx_word' id='word_1_62' title='bbox 2787 2865 3062 2934; x_wconf 86' lang='lat' dir='ltr'>Comitis</span> <span class='ocrx_word' id='word_1_63' title='bbox 3107 2869 3192 2932; x_wconf 87' lang='lat' dir='ltr'>ad</span> <span class='ocrx_word' id='word_1_64' title='bbox 3245 2867 3728 2932; x_wconf 84' lang='lat' dir='ltr'>Monasterium</span> <span class='ocrx_word' id='word_1_65' title='bbox 3773 2889 3988 2946; x_wconf 87' lang='lat' dir='ltr'>suum,</span> 
     </span>
     <span class='ocr_line' id='line_1_9' title="bbox 1576 2969 3986 3056; baseline 0.002 -24"><span class='ocrx_word' id='word_1_66' title='bbox 1576 2977 1661 3026; x_wconf 83' lang='lat' dir='ltr'>the</span> <span class='ocrx_word' id='word_1_67' title='bbox 1682 2973 1865 3024; x_wconf 84' lang='lat' dir='ltr'>monks</span> <span class='ocrx_word' id='word_1_68' title='bbox 1912 2991 2059 3032; x_wconf 88' lang='lat' dir='ltr'>cum</span> <span class='ocrx_word' id='word_1_69' title='bbox 2104 2991 2341 3054; x_wconf 83' lang='lat' dir='ltr'>magna</span> <span class='ocrx_word' id='word_1_70' title='bbox 2384 2971 2767 3048; x_wconf 84' lang='lat' dir='ltr'>reverentia,</span> <span class='ocrx_word' id='word_1_71' title='bbox 2805 2975 3332 3056; x_wconf 85' lang='lat' dir='ltr'>asportaverunt,</span> <span class='ocrx_word' id='word_1_72' title='bbox 3383 2973 3452 3036; x_wconf 85' lang='lat' dir='ltr'>et</span> <span class='ocrx_word' id='word_1_73' title='bbox 3507 2969 3870 3036; x_wconf 83' lang='lat' dir='ltr'>honorifice</span> <span class='ocrx_word' id='word_1_74' title='bbox 3915 2971 3986 3036; x_wconf 89' lang='lat' dir='ltr'>in</span> 
     </span>
     <span class='ocr_line' id='line_1_10' title="bbox 1576 3045 3992 3162; baseline 0 -26"><span class='ocrx_word' id='word_1_75' title='bbox 1576 3045 1807 3162; x_wconf 31' lang='lat' dir='ltr'>{gna-ves-</span> <span class='ocrx_word' id='word_1_76' title='bbox 1910 3073 2239 3138; x_wconf 71' lang='lat' dir='ltr'>secretiori</span> <span class='ocrx_word' id='word_1_77' title='bbox 2302 3073 2437 3138; x_wconf 85' lang='lat' dir='ltr'>loco</span> <span class='ocrx_word' id='word_1_78' title='bbox 2498 3073 2779 3138; x_wconf 83' lang='lat' dir='ltr'>coenobii</span> <span class='ocrx_word' id='word_1_79' title='bbox 2847 3075 2948 3138; x_wconf 85' lang='lat' dir='ltr'>sui</span> <span class='ocrx_word' id='word_1_80' title='bbox 3013 3075 3470 3150; x_wconf 86' lang='lat' dir='ltr'>reconderunt,</span> <span class='ocrx_word' id='word_1_81' title='bbox 3529 3095 3646 3158; x_wconf 88' lang='lat' dir='ltr'>per</span> <span class='ocrx_word' id='word_1_82' title='bbox 3707 3075 3992 3138; x_wconf 90' lang='lat' dir='ltr'>multum</span> 
     </span>
     <span class='ocr_line' id='line_1_11' title="bbox 1912 3173 3998 3262; baseline 0.001 -24"><span class='ocrx_word' id='word_1_83' title='bbox 1912 3179 2169 3262; x_wconf 87' lang='lat' dir='ltr'>tempus</span> <span class='ocrx_word' id='word_1_84' title='bbox 2214 3197 2255 3238; x_wconf 90' lang='lat' dir='ltr'>a</span> <span class='ocrx_word' id='word_1_85' title='bbox 2298 3173 2547 3240; x_wconf 84' lang='lat' dir='ltr'>eunctis</span> <span class='ocrx_word' id='word_1_86' title='bbox 2590 3177 2906 3260; x_wconf 81' lang='lat' dir='ltr'>ignotum.</span> <span class='ocrx_word' id='word_1_87' title='bbox 3025 3177 3416 3240; x_wconf 83' lang='lat' dir='ltr'>Metuebant</span> <span class='ocrx_word' id='word_1_88' title='bbox 3461 3175 3640 3240; x_wconf 85' lang='lat' dir='ltr'>enim</span> <span class='ocrx_word' id='word_1_89' title='bbox 3683 3177 3998 3262; x_wconf 82' lang='lat' dir='ltr'>indigna-</span> 
     </span>
     <span class='ocr_line' id='line_1_12' title="bbox 1908 3275 3996 3364; baseline 0.001 -24"><span class='ocrx_word' id='word_1_90' title='bbox 1908 3277 2159 3342; x_wconf 84' lang='lat' dir='ltr'>tionem</span> <span class='ocrx_word' id='word_1_91' title='bbox 2224 3283 2605 3364; x_wconf 82' lang='lat' dir='ltr'>magnatum</span> <span class='ocrx_word' id='word_1_92' title='bbox 2668 3279 3040 3354; x_wconf 81' lang='lat' dir='ltr'>incurrere3</span> <span class='ocrx_word' id='word_1_93' title='bbox 3107 3277 3272 3342; x_wconf 86' lang='lat' dir='ltr'>forte</span> <span class='ocrx_word' id='word_1_94' title='bbox 3351 3279 3404 3342; x_wconf 85' lang='lat' dir='ltr'>si</span> <span class='ocrx_word' id='word_1_95' title='bbox 3485 3275 3504 3312; x_wconf 90' lang='lat'>¹</span> <span class='ocrx_word' id='word_1_96' title='bbox 3531 3279 3996 3362; x_wconf 80' lang='lat' dir='ltr'>cognovissent</span> 
     </span>
     <span class='ocr_line' id='line_1_13' title="bbox 1910 3377 3992 3468; baseline 0 -24"><span class='ocrx_word' id='word_1_97' title='bbox 1910 3399 2017 3444; x_wconf 87' lang='lat' dir='ltr'>eos</span> <span class='ocrx_word' id='word_1_98' title='bbox 2084 3383 2339 3444; x_wconf 83' lang='lat' dir='ltr'>tantam</span> <span class='ocrx_word' id='word_1_99' title='bbox 2408 3381 2687 3466; x_wconf 82' lang='lat' dir='ltr'>gratiam</span> <span class='ocrx_word' id='word_1_100' title='bbox 2754 3381 2930 3444; x_wconf 86' lang='lat' dir='ltr'>dicto</span> <span class='ocrx_word' id='word_1_101' title='bbox 2993 3377 3256 3460; x_wconf 81' lang='lat' dir='ltr'>Comiti-</span> <span class='ocrx_word' id='word_1_102' title='bbox 3307 3381 3698 3458; x_wconf 77' lang='lat' dir='ltr'>exhibuisse,</span> <span class='ocrx_word' id='word_1_103' title='bbox 3781 3379 3992 3468; x_wconf 64' lang='lat' dir='ltr'>impo-</span> 
     </span>
     <span class='ocr_line' id='line_1_14' title="bbox 1910 3479 3996 3568; baseline 0 -22"><span class='ocrx_word' id='word_1_104' title='bbox 1910 3481 2195 3546; x_wconf 83' lang='lat' dir='ltr'>suissent</span> <span class='ocrx_word' id='word_1_105' title='bbox 2242 3483 2331 3546; x_wconf 89' lang='lat' dir='ltr'>eis</span> <span class='ocrx_word' id='word_1_106' title='bbox 2376 3479 2641 3546; x_wconf 75' lang='lat' dir='ltr'>²forsan</span> <span class='ocrx_word' id='word_1_107' title='bbox 2686 3483 2934 3568; x_wconf 83' lang='lat' dir='ltr'>regiam</span> <span class='ocrx_word' id='word_1_108' title='bbox 2979 3481 3004 3518; x_wconf 76' lang='lat'>³</span> <span class='ocrx_word' id='word_1_109' title='bbox 3025 3481 3436 3568; x_wconf 87' lang='lat' dir='ltr'>majestatem</span> <span class='ocrx_word' id='word_1_110' title='bbox 3479 3503 3618 3546; x_wconf 90' lang='lat' dir='ltr'>non</span> <span class='ocrx_word' id='word_1_111' title='bbox 3665 3481 3996 3548; x_wconf 84' lang='lat' dir='ltr'>modicum</span> 
     </span>
     <span class='ocr_line' id='line_1_15' title="bbox 1580 3583 3990 3670; baseline -0.003 -14"><span class='ocrx_word' id='word_1_112' title='bbox 1580 3603 1751 3656; x_wconf 77' lang='lat' dir='ltr'>Death</span> <span class='ocrx_word' id='word_1_113' title='bbox 1770 3601 1831 3652; x_wconf 85' lang='lat' dir='ltr'>of</span> <span class='ocrx_word' id='word_1_114' title='bbox 1910 3585 2163 3650; x_wconf 75' lang='lat' dir='ltr'>laesisse.</span> <span class='ocrx_word' id='word_1_115' title='bbox 2256 3585 2341 3650; x_wconf 90' lang='lat' dir='ltr'>In</span> <span class='ocrx_word' id='word_1_116' title='bbox 2368 3585 2483 3648; x_wconf 88' lang='lat' dir='ltr'>illa</span> <span class='ocrx_word' id='word_1_117' title='bbox 2524 3585 2647 3666; x_wconf 88' lang='lat' dir='ltr'>die,</span> <span class='ocrx_word' id='word_1_118' title='bbox 2680 3585 3124 3650; x_wconf 88' lang='lat' dir='ltr'>occubuerunt</span> <span class='ocrx_word' id='word_1_119' title='bbox 3173 3607 3318 3648; x_wconf 86' lang='lat' dir='ltr'>cum</span> <span class='ocrx_word' id='word_1_120' title='bbox 3363 3585 3682 3670; x_wconf 85' lang='lat' dir='ltr'>praedieto</span> <span class='ocrx_word' id='word_1_121' title='bbox 3715 3583 3990 3662; x_wconf 84' lang='lat' dir='ltr'>Comite,</span> 
     </span>
     <span class='ocr_line' id='line_1_16' title="bbox 1558 3669 4000 3796; baseline 0 -46"><span class='ocrx_word' id='word_1_122' title='bbox 1558 3669 1849 3796; x_wconf 45' lang='lat' dir='ltr'>{2¹23ss</span> <span class='ocrx_word' id='word_1_123' title='bbox 1916 3687 2235 3752; x_wconf 87' lang='lat' dir='ltr'>Dominus</span> <span class='ocrx_word' id='word_1_124' title='bbox 2300 3687 2643 3762; x_wconf 80' lang='lat' dir='ltr'>HenricuS,</span> <span class='ocrx_word' id='word_1_125' title='bbox 2688 3687 3170 3772; x_wconf 79' lang='lat' dir='ltr'>primogenitus</span> <span class='ocrx_word' id='word_1_126' title='bbox 3215 3709 3386 3786; x_wconf 79' lang='lat' dir='ltr'>suuS,</span> <span class='ocrx_word' id='word_1_127' title='bbox 3437 3691 3502 3750; x_wconf 89' lang='lat' dir='ltr'>et</span> <span class='ocrx_word' id='word_1_128' title='bbox 3547 3687 3660 3750; x_wconf 91' lang='lat' dir='ltr'>ille</span> <span class='ocrx_word' id='word_1_129' title='bbox 3703 3685 4000 3750; x_wconf 77' lang='lat' dir='ltr'>invictus</span> 
     </span>
     <span class='ocr_line' id='line_1_17' title="bbox 1582 3787 3996 3876; baseline -0.002 -22"><span class='ocrx_word' id='word_1_130' title='bbox 1582 3805 1681 3854; x_wconf 80' lang='lat' dir='ltr'>and</span> <span class='ocrx_word' id='word_1_131' title='bbox 1706 3803 1789 3852; x_wconf 82' lang='lat' dir='ltr'>Sir</span> <span class='ocrx_word' id='word_1_132' title='bbox 1912 3789 2179 3868; x_wconf 83' lang='lat' dir='ltr'>athleta,</span> <span class='ocrx_word' id='word_1_133' title='bbox 2226 3789 2411 3854; x_wconf 86' lang='lat' dir='ltr'>miles</span> <span class='ocrx_word' id='word_1_134' title='bbox 2458 3789 2723 3866; x_wconf 83' lang='lat' dir='ltr'>Christi,</span> <span class='ocrx_word' id='word_1_135' title='bbox 2770 3787 3094 3852; x_wconf 87' lang='lat' dir='ltr'>Dominus</span> <span class='ocrx_word' id='word_1_136' title='bbox 3137 3787 3338 3874; x_wconf 85' lang='lat' dir='ltr'>Hugo</span> <span class='ocrx_word' id='word_1_137' title='bbox 3369 3789 3814 3876; x_wconf 87' lang='lat' dir='ltr'>Dispensator,</span> <span class='ocrx_word' id='word_1_138' title='bbox 3847 3809 3996 3852; x_wconf 87' lang='lat' dir='ltr'>cum</span> 
     </span>
     <span class='ocr_line' id='line_1_18' title="bbox 1582 3869 3996 4002; baseline -0.001 -46"><span class='ocrx_word' id='word_1_139' title='bbox 1582 3869 1879 4002; x_wconf 45' lang='lat' dir='ltr'>ggsffisszer.</span> <span class='ocrx_word' id='word_1_140' title='bbox 1914 3891 2061 3956; x_wconf 84' lang='lat' dir='ltr'>aliis</span> <span class='ocrx_word' id='word_1_141' title='bbox 2106 3891 2549 3978; x_wconf 80' lang='lat' dir='ltr'>optimatibuS,</span> <span class='ocrx_word' id='word_1_142' title='bbox 2584 3889 2972 3968; x_wconf 84' lang='lat' dir='ltr'>Comitibus,</span> <span class='ocrx_word' id='word_1_143' title='bbox 3017 3891 3386 3956; x_wconf 89' lang='lat' dir='ltr'>Baronibus</span> <span class='ocrx_word' id='word_1_144' title='bbox 3431 3895 3644 3968; x_wconf 85' lang='lat' dir='ltr'>terrae,</span> <span class='ocrx_word' id='word_1_145' title='bbox 3689 3913 3838 3954; x_wconf 91' lang='lat' dir='ltr'>cum</span> <span class='ocrx_word' id='word_1_146' title='bbox 3883 3913 3996 3954; x_wconf 79' lang='lat' dir='ltr'>ex-</span> 
     </span>
     <span class='ocr_line' id='line_1_19' title="bbox 1914 3991 4006 4080; baseline -0.001 -22"><span class='ocrx_word' id='word_1_147' title='bbox 1914 3993 2125 4060; x_wconf 87' lang='lat' dir='ltr'>ercitu</span> <span class='ocrx_word' id='word_1_148' title='bbox 2170 4017 2395 4058; x_wconf 87' lang='lat' dir='ltr'>eorum</span> <span class='ocrx_word' id='word_1_149' title='bbox 2442 3995 2816 4080; x_wconf 87' lang='lat' dir='ltr'>quindecim</span> <span class='ocrx_word' id='word_1_150' title='bbox 2861 3991 2888 4028; x_wconf 76' lang='lat'>4</span> <span class='ocrx_word' id='word_1_151' title='bbox 2913 3993 3174 4060; x_wconf 84' lang='lat' dir='ltr'>vexilla.</span> <span class='ocrx_word' id='word_1_152' title='bbox 3265 3993 3502 4060; x_wconf 84' lang='lat' dir='ltr'>Postea</span> <span class='ocrx_word' id='word_1_153' title='bbox 3549 3993 3674 4056; x_wconf 89' lang='lat' dir='ltr'>filii</span> <span class='ocrx_word' id='word_1_154' title='bbox 3723 3993 4006 4058; x_wconf 79' lang='lat' dir='ltr'>Comitis</span> 
     </span>
     <span class='ocr_line' id='line_1_20' title="bbox 1916 4083 3996 4182; baseline -0.002 -20"><span class='ocrx_word' id='word_1_155' title='bbox 1916 4095 2303 4174; x_wconf 79' lang='lat' dir='ltr'>Leicestriae,</span> <span class='ocrx_word' id='word_1_156' title='bbox 2384 4083 2613 4160; x_wconf 82' lang='lat' dir='ltr'>Simon</span> <span class='ocrx_word' id='word_1_157' title='bbox 2690 4101 2757 4160; x_wconf 93' lang='lat' dir='ltr'>et</span> <span class='ocrx_word' id='word_1_158' title='bbox 2835 4095 3072 4176; x_wconf 63' lang='lat' dir='ltr'>Gru-ido,</span> <span class='ocrx_word' id='word_1_159' title='bbox 3131 4095 3244 4182; x_wconf 87' lang='lat' dir='ltr'>qui</span> <span class='ocrx_word' id='word_1_160' title='bbox 3321 4095 3706 4182; x_wconf 85' lang='lat' dir='ltr'>superstites</span> <span class='ocrx_word' id='word_1_161' title='bbox 3781 4095 3996 4160; x_wconf 88' lang='lat' dir='ltr'>relicti</span> 
     </span>
    </p>
   </div>
   <div class='ocr_carea' id='block_1_5' title="bbox 1916 4197 4010 4286">
    <p class='ocr_par' dir='ltr' id='par_1_5' title="bbox 1916 4197 4010 4286">
     <span class='ocr_line' id='line_1_21' title="bbox 1916 4197 4010 4286; baseline 0 -24"><span class='ocrx_word' id='word_1_162' title='bbox 1916 4203 2123 4278; x_wconf 88' lang='lat' dir='ltr'>erant,</span> <span class='ocrx_word' id='word_1_163' title='bbox 2182 4199 2439 4264; x_wconf 81' lang='lat' dir='ltr'>exulati</span> <span class='ocrx_word' id='word_1_164' title='bbox 2460 4255 2471 4270; x_wconf 50' lang='lat'>,</span> <span class='ocrx_word' id='word_1_165' title='bbox 2506 4203 2663 4264; x_wconf 82' lang='lat' dir='ltr'>sunt</span> <span class='ocrx_word' id='word_1_166' title='bbox 2724 4199 2812 4262; x_wconf 89' lang='lat' dir='ltr'>ab</span> <span class='ocrx_word' id='word_1_167' title='bbox 2873 4197 3122 4286; x_wconf 84' lang='lat' dir='ltr'>Anglia</span> <span class='ocrx_word' id='word_1_168' title='bbox 3185 4197 3716 4264; x_wconf 78' lang='lat' dir='ltr'>irrevocabiliter.</span> <span class='ocrx_word' id='word_1_169' title='bbox 3809 4199 4010 4264; x_wconf 82' lang='lat' dir='ltr'>Uxor</span> 
     </span>
    </p>
   </div>
   <div class='ocr_carea' id='block_1_6' title="bbox 1912 4301 4026 4396">
    <p class='ocr_par' dir='ltr' id='par_1_6' title="bbox 1912 4301 4026 4396">
     <span class='ocr_line' id='line_1_22' title="bbox 1912 4301 4026 4396; baseline 0 -32"><span class='ocrx_word' id='word_1_170' title='bbox 1912 4323 2071 4366; x_wconf 82' lang='lat' dir='ltr'>vero</span> <span class='ocrx_word' id='word_1_171' title='bbox 2120 4301 2397 4368; x_wconf 82' lang='lat' dir='ltr'>Comitis</span> <span class='ocrx_word' id='word_1_172' title='bbox 2440 4301 2661 4378; x_wconf 87' lang='lat' dir='ltr'>libere,</span> <span class='ocrx_word' id='word_1_173' title='bbox 2712 4323 2860 4366; x_wconf 87' lang='lat' dir='ltr'>cum</span> <span class='ocrx_word' id='word_1_174' title='bbox 2905 4305 3052 4366; x_wconf 84' lang='lat' dir='ltr'>tota</span> <span class='ocrx_word' id='word_1_175' title='bbox 3111 4301 3500 4386; x_wconf 87' lang='lat' dir='ltr'>supellectili</span> <span class='ocrx_word' id='word_1_176' title='bbox 3563 4323 3696 4378; x_wconf 88' lang='lat' dir='ltr'>sua,</span> <span class='ocrx_word' id='word_1_177' title='bbox 3753 4301 4002 4364; x_wconf 81' lang='lat' dir='ltr'>ducatu</span> <span class='ocrx_word' id='word_1_178' title='bbox 4019 4393 4026 4396; x_wconf 72' lang='lat'>..</span> 
     </span>
    </p>
   </div>
   <div class='ocr_carea' id='block_1_7' title="bbox 1920 4401 3822 4490">
    <p class='ocr_par' dir='ltr' id='par_1_7' title="bbox 1920 4401 3822 4490">
     <span class='ocr_line' id='line_1_23' title="bbox 1920 4401 3822 4490; baseline 0 -22"><span class='ocrx_word' id='word_1_179' title='bbox 1920 4401 2253 4482; x_wconf 81' lang='lat' dir='ltr'>Edwardi,</span> <span class='ocrx_word' id='word_1_180' title='bbox 2300 4403 2521 4468; x_wconf 87' lang='lat' dir='ltr'>natale</span> <span class='ocrx_word' id='word_1_181' title='bbox 2568 4403 2775 4470; x_wconf 88' lang='lat' dir='ltr'>solum</span> <span class='ocrx_word' id='word_1_182' title='bbox 2823 4405 3030 4490; x_wconf 88' lang='lat' dir='ltr'>petiit,</span> <span class='ocrx_word' id='word_1_183' title='bbox 3081 4425 3420 4488; x_wconf 87' lang='lat' dir='ltr'>nunquam</span> <span class='ocrx_word' id='word_1_184' title='bbox 3463 4425 3822 4468; x_wconf 85' lang='lat' dir='ltr'>reversura.</span> 
     </span>
    </p>
   </div>
   <div class='ocr_carea' id='block_1_8' title="bbox 1922 4719 4004 4890">
    <p class='ocr_par' dir='ltr' id='par_1_8' title="bbox 1922 4719 4004 4890">
     <span class='ocr_line' id='line_1_24' title="bbox 1922 4719 4004 4806; baseline 0 -18"><span class='ocrx_word' id='word_1_185' title='bbox 1922 4721 2231 4806; x_wconf 64' lang='lat' dir='ltr'>Qualiter</span> <span class='ocrx_word' id='word_1_186' title='bbox 2258 4721 2611 4806; x_wconf 62' lang='lat' dir='ltr'>hamenses</span> <span class='ocrx_word' id='word_1_187' title='bbox 2638 4719 2882 4786; x_wconf 66' lang='lat' dir='ltr'>Sancti</span> <span class='ocrx_word' id='word_1_188' title='bbox 2925 4719 3192 4786; x_wconf 67' lang='lat' dir='ltr'>Albani</span> <span class='ocrx_word' id='word_1_189' title='bbox 3221 4721 3384 4786; x_wconf 63' lang='lat' dir='ltr'>tunc</span> <span class='ocrx_word' id='word_1_190' title='bbox 3415 4719 3734 4806; x_wconf 56' lang='lat' dir='ltr'>tempoovzs</span> <span class='ocrx_word' id='word_1_191' title='bbox 3763 4721 4004 4788; x_wconf 62' lang='lat' dir='ltr'>villam</span> 
     </span>
     <span class='ocr_line' id='line_1_25' title="bbox 2752 4823 3170 4890; baseline 0.005 -2"><span class='ocrx_word' id='word_1_192' title='bbox 2752 4823 3170 4890; x_wconf 68' lang='lat' dir='ltr'>muniebant.</span> 
     </span>
    </p>
   </div>
   <div class='ocr_carea' id='block_1_9' title="bbox 1586 4977 4004 5064">
    <p class='ocr_par' dir='ltr' id='par_1_9' title="bbox 1586 4977 4004 5064">
     <span class='ocr_line' id='line_1_26' title="bbox 1586 4977 4004 5064; baseline -0 -21"><span class='ocrx_word' id='word_1_193' title='bbox 1586 5007 1695 5056; x_wconf 83' lang='lat' dir='ltr'>The</span> <span class='ocrx_word' id='word_1_194' title='bbox 1716 5013 1853 5056; x_wconf 74' lang='lat' dir='ltr'>town</span> <span class='ocrx_word' id='word_1_195' title='bbox 2010 4977 2187 5062; x_wconf 50' lang='lat' dir='ltr'>Ipso*</span> <span class='ocrx_word' id='word_1_196' title='bbox 2224 4977 2451 5042; x_wconf 87' lang='lat' dir='ltr'>eodem</span> <span class='ocrx_word' id='word_1_197' title='bbox 2498 4981 2810 5064; x_wconf 89' lang='lat' dir='ltr'>tempore,</span> <span class='ocrx_word' id='word_1_198' title='bbox 2855 4983 2996 5042; x_wconf 85' lang='lat' dir='ltr'>erat</span> <span class='ocrx_word' id='word_1_199' title='bbox 3041 4977 3204 5042; x_wconf 84' lang='lat' dir='ltr'>villa</span> <span class='ocrx_word' id='word_1_200' title='bbox 3247 4977 3474 5042; x_wconf 82' lang='lat' dir='ltr'>Sancti</span> <span class='ocrx_word' id='word_1_201' title='bbox 3535 4977 3784 5042; x_wconf 79' lang='lat' dir='ltr'>Albani</span> <span class='ocrx_word' id='word_1_202' title='bbox 3843 4979 4004 5042; x_wconf 85' lang='lat' dir='ltr'>adeo</span> 
     </span>
    </p>
   </div>
   <div class='ocr_carea' id='block_1_10' title="bbox 1588 5073 4006 5190">
    <p class='ocr_par' dir='ltr' id='par_1_10' title="bbox 1588 5073 4006 5190">
     <span class='ocr_line' id='line_1_27' title="bbox 1588 5073 4006 5190; baseline -0.006 -33"><span class='ocrx_word' id='word_1_203' title='bbox 1588 5073 1801 5190; x_wconf 39' lang='lat'>2233&amp;</span> <span class='ocrx_word' id='word_1_204' title='bbox 1818 5137 1887 5188; x_wconf 82' lang='lat' dir='ltr'>is.</span> <span class='ocrx_word' id='word_1_205' title='bbox 1920 5079 2229 5166; x_wconf 79' lang='lat' dir='ltr'>diligenti</span> <span class='ocrx_word' id='word_1_206' title='bbox 2290 5079 2605 5156; x_wconf 85' lang='lat' dir='ltr'>custodia,</span> <span class='ocrx_word' id='word_1_207' title='bbox 2676 5085 2816 5144; x_wconf 83' lang='lat' dir='ltr'>tam</span> <span class='ocrx_word' id='word_1_208' title='bbox 2881 5079 3066 5144; x_wconf 89' lang='lat' dir='ltr'>intus</span> <span class='ocrx_word' id='word_1_209' title='bbox 3131 5101 3330 5164; x_wconf 85' lang='lat' dir='ltr'>qua-m</span> <span class='ocrx_word' id='word_1_210' title='bbox 3391 5079 3628 5158; x_wconf 85' lang='lat' dir='ltr'>afforis,</span> <span class='ocrx_word' id='word_1_211' title='bbox 3707 5079 3864 5146; x_wconf 86' lang='lat' dir='ltr'>seris</span> <span class='ocrx_word' id='word_1_212' title='bbox 3937 5085 4006 5146; x_wconf 89' lang='lat' dir='ltr'>et</span> 
     </span>
    </p>
   </div>
   <div class='ocr_carea' id='block_1_11' title="bbox 1588 5169 4008 5270">
    <p class='ocr_par' dir='ltr' id='par_1_11' title="bbox 1588 5169 4008 5270">
     <span class='ocr_line' id='line_1_28' title="bbox 1588 5169 4008 5270; baseline -0.004 -14"><span class='ocrx_word' id='word_1_213' title='bbox 1588 5207 1819 5270; x_wconf 76' lang='lat' dir='ltr'>strongly</span> <span class='ocrx_word' id='word_1_214' title='bbox 1918 5181 2133 5246; x_wconf 85' lang='lat' dir='ltr'>barris</span> <span class='ocrx_word' id='word_1_215' title='bbox 2170 5169 2535 5260; x_wconf 84' lang='lat' dir='ltr'>obfirmata,</span> <span class='ocrx_word' id='word_1_216' title='bbox 2578 5187 2846 5270; x_wconf 85' lang='lat' dir='ltr'>propter</span> <span class='ocrx_word' id='word_1_217' title='bbox 2879 5203 3134 5268; x_wconf 74' lang='lat' dir='ltr'>guerrae</span> <span class='ocrx_word' id='word_1_218' title='bbox 3173 5181 3606 5260; x_wconf 87' lang='lat' dir='ltr'>formidinem,</span> <span class='ocrx_word' id='word_1_219' title='bbox 3639 5187 3716 5246; x_wconf 89' lang='lat' dir='ltr'>ut</span> <span class='ocrx_word' id='word_1_220' title='bbox 3749 5205 4008 5248; x_wconf 85' lang='lat' dir='ltr'>omnem</span> 
     </span>
    </p>
   </div>
   <div class='ocr_carea' id='block_1_12' title="bbox 1588 5271 4018 5472">
    <p class='ocr_par' dir='ltr' id='par_1_12' title="bbox 1588 5271 4018 5472">
     <span class='ocr_line' id='line_1_29' title="bbox 1588 5271 4010 5388; baseline -0.005 -34"><span class='ocrx_word' id='word_1_221' title='bbox 1588 5271 1839 5388; x_wconf 53' lang='grc' dir='ltr'>ξξῇξξὲἒῧ</span> <span class='ocrx_word' id='word_1_222' title='bbox 1922 5283 2179 5348; x_wconf 87' lang='lat' dir='ltr'>aditum</span> <span class='ocrx_word' id='word_1_223' title='bbox 2226 5285 2335 5350; x_wconf 81' lang='lat' dir='ltr'>vel</span> <span class='ocrx_word' id='word_1_224' title='bbox 2400 5285 2653 5350; x_wconf 83' lang='lat' dir='ltr'>exitum</span> <span class='ocrx_word' id='word_1_225' title='bbox 2716 5291 3036 5370; x_wconf 81' lang='lat' dir='ltr'>negarent</span> <span class='ocrx_word' id='word_1_226' title='bbox 3101 5283 3618 5360; x_wconf 54' lang='lat' dir='ltr'>transeuntibus</span> <span class='ocrx_word' id='word_1_227' title='bbox 3679 5285 4010 5372; x_wconf 77' lang='lat' dir='ltr'>praeeipue</span> 
     </span>
     <span class='ocr_line' id='line_1_30' title="bbox 1588 5385 4018 5472; baseline -0.002 -20"><span class='ocrx_word' id='word_1_228' title='bbox 1588 5405 1753 5466; x_wconf 83' lang='lat' dir='ltr'>styled</span> <span class='ocrx_word' id='word_1_229' title='bbox 1924 5385 2369 5450; x_wconf 82' lang='lat' dir='ltr'>ascensoribus</span> <span class='ocrx_word' id='word_1_230' title='bbox 2434 5407 2792 5472; x_wconf 85' lang='lat' dir='ltr'>equorum:</span> <span class='ocrx_word' id='word_1_231' title='bbox 2861 5391 3260 5472; x_wconf 88' lang='lat' dir='ltr'>quapropter</span> <span class='ocrx_word' id='word_1_232' title='bbox 3317 5391 3480 5450; x_wconf 88' lang='lat' dir='ltr'>tunc</span> <span class='ocrx_word' id='word_1_233' title='bbox 3539 5387 3850 5472; x_wconf 84' lang='lat' dir='ltr'>temporis</span> <span class='ocrx_word' id='word_1_234' title='bbox 3895 5409 4018 5472; x_wconf 71' lang='lat' dir='ltr'>ap-</span> 
     </span>
    </p>
   </div>
   <div class='ocr_carea' id='block_1_13' title="bbox 1584 5469 3830 5590">
    <p class='ocr_par' dir='ltr' id='par_1_13' title="bbox 1584 5469 3830 5590">
     <span class='ocr_line' id='line_1_31' title="bbox 1584 5469 3830 5590; baseline 0.004 -44"><span class='ocrx_word' id='word_1_235' title='bbox 1584 5469 1853 5590; x_wconf 42' lang='lat' dir='ltr'>fflgffi‘„</span> <span class='ocrx_word' id='word_1_236' title='bbox 1922 5487 2291 5574; x_wconf 87' lang='lat' dir='ltr'>pellabatur</span> <span class='ocrx_word' id='word_1_237' title='bbox 2338 5509 2453 5574; x_wconf 90' lang='lat' dir='ltr'>per</span> <span class='ocrx_word' id='word_1_238' title='bbox 2498 5493 2711 5552; x_wconf 88' lang='lat' dir='ltr'>totam</span> <span class='ocrx_word' id='word_1_239' title='bbox 2754 5487 3068 5572; x_wconf 85' lang='lat' dir='ltr'>Angliam</span> <span class='ocrx_word' id='word_1_240' title='bbox 3117 5493 3152 5522; x_wconf 88' lang='lat'>“</span> <span class='ocrx_word' id='word_1_241' title='bbox 3181 5487 3402 5552; x_wconf 87' lang='lat' dir='ltr'>Minor</span> <span class='ocrx_word' id='word_1_242' title='bbox 3433 5487 3830 5554; x_wconf 87' lang='lat' dir='ltr'>Londonia.”</span> 
     </span>
    </p>
   </div>
   <div class='ocr_carea' id='block_1_14' title="bbox 1986 5719 4012 5960">
    <p class='ocr_par' dir='ltr' id='par_1_14' title="bbox 1986 5719 4012 5960">
     <span class='ocr_line' id='line_1_32' title="bbox 1988 5719 4012 5802; baseline 0 -18"><span class='ocrx_word' id='word_1_243' title='bbox 1988 5737 2003 5766; x_wconf 93' lang='lat'>¹</span> <span class='ocrx_word' id='word_1_244' title='bbox 2026 5737 2381 5802; x_wconf 72' lang='lat' dir='ltr'>conynovz‘ssent</span> <span class='ocrx_word' id='word_1_245' title='bbox 2400 5737 2451 5784; x_wconf 90' lang='lat' dir='ltr'>in</span> <span class='ocrx_word' id='word_1_246' title='bbox 2476 5735 2603 5802; x_wconf 81' lang='lat' dir='ltr'>orig.</span> <span class='ocrx_word' id='word_1_247' title='bbox 3059 5737 3078 5766; x_wconf 83' lang='lat'><strong>⁴</strong></span> <span class='ocrx_word' id='word_1_248' title='bbox 3101 5735 3188 5786; x_wconf 87' lang='lat' dir='ltr'>Sic</span> <span class='ocrx_word' id='word_1_249' title='bbox 3221 5735 3272 5784; x_wconf 90' lang='lat' dir='ltr'>in</span> <span class='ocrx_word' id='word_1_250' title='bbox 3313 5735 3440 5800; x_wconf 82' lang='lat' dir='ltr'>orig.</span> <span class='ocrx_word' id='word_1_251' title='bbox 3467 5719 3488 5794; x_wconf 63' lang='grc' dir='ltr'>Ξ</span> <span class='ocrx_word' id='word_1_252' title='bbox 3529 5739 3562 5764; x_wconf 88' lang='lat'><strong>“</strong></span> <span class='ocrx_word' id='word_1_253' title='bbox 3581 5743 3628 5784; x_wconf 79' lang='lat' dir='ltr'>et</span> <span class='ocrx_word' id='word_1_254' title='bbox 3645 5737 3676 5762; x_wconf 79' lang='lat'>&#39;²</span> <span class='ocrx_word' id='word_1_255' title='bbox 3713 5737 3758 5786; x_wconf 88' lang='lat' dir='ltr'>is</span> <span class='ocrx_word' id='word_1_256' title='bbox 3795 5737 4012 5802; x_wconf 81' lang='lat' dir='ltr'>perhaps</span> 
     </span>
     <span class='ocr_line' id='line_1_33' title="bbox 1986 5813 3642 5882; baseline -0.001 -18"><span class='ocrx_word' id='word_1_257' title='bbox 1986 5817 2211 5880; x_wconf 79' lang='lat' dir='ltr'>²forsam</span> <span class='ocrx_word' id='word_1_258' title='bbox 2232 5815 2287 5864; x_wconf 85' lang='lat' dir='ltr'>in</span> <span class='ocrx_word' id='word_1_259' title='bbox 2310 5817 2439 5882; x_wconf 81' lang='lat' dir='ltr'>orig.</span> <span class='ocrx_word' id='word_1_260' title='bbox 3015 5815 3226 5866; x_wconf 80' lang='lat' dir='ltr'>omitted</span> <span class='ocrx_word' id='word_1_261' title='bbox 3247 5815 3420 5864; x_wconf 87' lang='lat' dir='ltr'>before</span> <span class='ocrx_word' id='word_1_262' title='bbox 3443 5817 3472 5842; x_wconf 87' lang='lat'><strong>“</strong></span> <span class='ocrx_word' id='word_1_263' title='bbox 3487 5813 3642 5864; x_wconf 78' lang='lat' dir='ltr'>cum.&#39;&#39;</span> 
     </span>
     <span class='ocr_line' id='line_1_34' title="bbox 1986 5895 2549 5960; baseline 0 -14"><span class='ocrx_word' id='word_1_264' title='bbox 1986 5897 2005 5924; x_wconf 76' lang='lat'>⁸</span> <span class='ocrx_word' id='word_1_265' title='bbox 2026 5901 2323 5960; x_wconf 70' lang='lat' dir='ltr'>maye-statem</span> <span class='ocrx_word' id='word_1_266' title='bbox 2344 5895 2399 5946; x_wconf 86' lang='lat' dir='ltr'>in</span> <span class='ocrx_word' id='word_1_267' title='bbox 2424 5895 2549 5958; x_wconf 75' lang='lat' dir='ltr'>orig.</span> 
     </span>
    </p>
   </div>
  </div>
 </body>
</html>
