5559 8242
1936 2033 2063 2100 104!
2488 2051 2838 2100 JOHANNIS
2881 2051 2976 2100 DE
3019 2051 3444 2100 TROKELOWE

1602 2247 1739 2300 A.D.
1768 2255 1911 2304 1319.
1936 2241 2021 2304 ad
2068 2241 2287 2306 decem
2334 2239 2543 2304 millia
2588 2241 2948 2316 hominum,
2997 2245 3064 2304 et
3115 2239 3322 2324 juxta
3365 2239 3592 2304 villam
3641 2239 3720 2304 de
3769 2241 4026 2304 Mitone

1604 2337 1763 2454 {31:⁸2
1786 2343 1839 2386 at
1936 2363 2131 2430 super
2192 2341 2405 2406 Swale
2470 2341 2555 2406 ad
2616 2343 3056 2430 proeliandum
3119 2365 3270 2408 cum
3335 2343 3426 2408 eis
3493 2365 3562 2408 se
3627 2343 4026 2408 obtulerunt.

1606 2421 1913 2522 &ingr-on·-
1940 2445 2121 2510 Scoti
2152 2433 2431 2530 quidem,
2468 2469 2745 2532 quorum
2789 2447 2986 2512 duces
3029 2445 3270 2512 feroces
3317 2451 3524 2524 erant,
3557 2451 3624 2508 et
3655 2445 3728 2508 in
3757 2445 4030 2510 militari

1938 2549 2245 2614 conflictu
2290 2571 2331 2612 a
2374 2551 2575 2636 longo
2620 2557 2918 2634 tempore
2965 2547 3238 2636 experti,
3275 2555 3342 2612 et
3383 2571 3658 2634 quorum
3707 2547 3894 2614 cunei
3925 2549 4030 2614 die

1940 2655 2009 2716 et
2052 2657 2243 2718 nocte
2288 2651 2373 2716 ad
2420 2651 2802 2718 bellandum
2833 2659 3024 2718 erant
3055 2651 3376 2736 dispositi,
3411 2651 3758 2718 irruebant
3801 2653 3874 2716 in
3905 2673 4032 2730 eOS,

1938 2755 2313 2820 inordinate
2358 2761 2427 2820 et
2472 2753 2615 2820 sine
2662 2755 2826 2824 duce
2857 2756 3314 2836 attendentes3
3357 2755 3444 2820 ad
3485 2755 3620 2820 tria
3663 2755 3872 2820 millia
3915 2757 4034 2820 ho-

1938 2859 2191 2922 minum
2236 2859 2309 2922 in
2356 2879 2465 2924 ore
2508 2859 2715 2946 gladii
2760 2859 2834 2922 in
2879 2865 3212 2924 momento
3241 2859 3684 2938 trucidarunt,
3717 2859 4030 2944 quosdam

1944 2985 2113 3040 vem,
2158 2981 2275 3046 per
2318 2961 2545 3048 fugam
2594 2963 2864 3048 elapsos,
2913 2961 2986 3024 in
3035 2963 3284 3028 flumen
3337 2963 3418 3026 de
3481 2961 3700 3026 Swale
3757 2961 4034 3048 fugave-

1940 3069 2115 3144 runt,
2182 3059 2249 3128 et
2314 3063 2427 3148 qui
2492 3087 2531 3128 a
2592 3063 2812 3150 gladio
2887 3061 3218 3148 fugerant,
3283 3063 3356 3126 in
3431 3087 3604 3150 aqua
3681 3063 4032 3150 perierunt.

1944 3165 2379 3234 Commissum
2442 3165 2577 3230 fuit
2634 3165 2757 3228 hoc
2819 3165 3134 3250 proelium
3199 3165 3264 3228 in
3337 3165 3496 3232 locis
3559 3165 3894 3252 praedictis
3961 3167 4034 3232 in

1942 3269 2191 3354 Vigilia
2260 3269 2485 3332 Sancti
2546 3267 2858 3332 Matthaei
2921 3267 3244 3354 Apostoli,
3293 3291 3468 3332 anno
3513 3269 3786 3334 Domini
3831 3269 4040 3334 mille-

1942 3373 2107 3436 simo
2156 3371 2613 3436 trecentesimo
2668 3369 3168 3450 decimo-non03
3215 3375 3298 3450 et,
3349 3377 3430 3434 ut
3479 3371 3750 3456 quidam
3793 3393 4036 3438 assere·-

1942 3473 2125 3552 bant,
2194 3473 2389 3538 multi
2466 3473 2597 3538 viri
2658 3473 2946 3560 religiosi
3009 3473 3164 3538 huic
3229 3473 3530 3540 nefandae
3595 3475 4034 3560 congressioni

1942 3577 2183 3640 armati
2228 3575 2683 3642 interfuerunt.

1610 3723 1721 3772 The
1742 3721 1885 3784 King
2034 3679 2329 3764 Cumque
2372 3679 2751 3762 hujusmodi
2795 3699 3020 3742 rumor
3063 3679 3332 3744 auribus
3383 3679 3582 3762 Regis
3623 3683 3692 3742 et
3737 3681 4034 3760 aliorum,

1608 3795 1837 3870 attempta
1864 3797 1917 3838 to
1942 3783 2055 3866 qui
2100 3783 2269 3846 circa
2314 3781 2753 3846 obsessionem
2803 3781 3140 3866 Berewyci
3187 3781 3448 3848 solliciti
3491 3783 3776 3856 fuerant,
3829 3781 4038 3846 incre-

1608 3861 1893 3984 ζῖῗξοοᾜζξ
1940 3885 2241 3960 besceret,
2292 3883 2533 3948 exinde
2572 3887 2996 3964 recesserunt,
3029 3889 3108 3948 ut
3155 3883 3368 3948 Scotis
3421 3885 3494 3946 in
3543 3887 3722 3948 terra
3773 3881 4036 3970 Angliae

1612 3993 1703 4040 but
1726 3989 1849 4054 they
1942 3987 2209 4050 obviare
2256 3993 2537 4074 possent,
2578 4009 2713 4050 non
2764 3987 3054 4074 segniter
3101 3987 3506 4050 advolantes·
3597 3987 3690 4048 Et
3735 4009 3882 4050 cum
3943 3987 4038 4050 eis

1608 4071 1797 4120 escape.
1942 4113 2055 4178 per
2092 4095 2311 4176 partes
2346 4089 2729 4170 Orientales,
2752 4089 2956 4172 juxta
2987 4089 3256 4152 Novum
3289 4089 3786 4168 Monasterium,
3819 4113 4036 4152 occur·-

1942 4213 2083 4256 rere
2128 4193 2563 4278 disponerent,
2614 4213 2755 4256 ecce
2789 4195 2800 4254 Ξ
2851 4189 3044 4268 Scoti,
3083 4213 3230 4256 cum
3273 4191 3478 4256 laude·
3513 4213 3840 4278 pomposa,
3871 4215 4040 4278 prae-

1942 4293 2159 4378 daque
2204 4293 2549 4358 hominum
2594 4297 2663 4356 et
2712 4293 3098 4358 animalium
3149 4313 3286 4356 non
3331 4293 3602 4370 modica,
3665 4313 3782 4380 per
3843 4295 4038 4356 aliam

1942 4397 2121 4462 viam
2152 4395 2397 4462 reversi
2444 4401 2603 4460 sunt
2648 4397 2719 4460 in
2770 4397 3106 4482 regionem
3137 4419 3346 4476 suam,
3377 4395 3636 4462 favillas
3681 4401 3748 4462 et
3779 4395 4040 4476 einereS,

1944 4521 2093 4564 cum
2152 4521 2393 4584 vapore
2454 4499 2641 4578 fumi,
2702 4503 2771 4564 et
2831 4521 3104 4586 corpora
3165 4499 3516 4564 occisorum
3561 4499 3910 4566 inhumata
3967 4501 4040 4564 in

1946 4601 2123 4666 omni
2170 4600 2331 4664 villa
2396 4623 2513 4688 per
2572 4623 2767 4688 quam
2813 4601 3236 4680 transierant,
3281 4601 3356 4666 in
3411 4625 3544 4668 suae
3591 4601 4042 4688 perversitatis

1944 4703 2345 4784 memoriam,
2394 4711 2545 4790 post
2590 4727 2659 4770 se
2704 4704 3166 4788 relinquentes,

2590 4891 2916 4978 Sequitur
2963 4891 3042 4956 de
3091 4893 3386 4978 Treuyia

1614 5049 1669 5098 A
1696 5057 1833 5098 truce
2038 5019 2193 5086 Post
2236 5022 2449 5086 multa
2508 5021 2713 5106 igitur
2758 5021 2950 5102 bella,
3003 5022 3260 5100 damna,
3323 5027 3390 5088 et
3449 5021 3802 5088 homicidia
3859 5025 4042 5088 utro-

1614 5133 1709 5232 {31¹3
1714 5115 1829 5230 ’ἐξὲξ
1828 5113 1891 5162 ed
1946 5123 2143 5210 bique
2188 5125 2393 5202 illam,
2442 5145 2561 5188 nec
2606 5123 2755 5190 Sssiri
2801 5127 3040 5210 potuit,
3089 5125 3196 5190 cui
3243 5125 3528 5190 finaliter
3573 5123 3852 5190 victoria
3897 5147 4040 5212 per-

1616 5263 1775 5314 yeass.
1946 5227 2219 5308 veniret,
2272 5231 2481 5312 captae
2534 5229 2693 5290 sunt
2740 5225 2916 5290 inter
2969 5247 3078 5290 eos
3127 5235 3380 5312 treugae
3437 5227 3818 5308 biennales;
3863 5229 4042 5292 intra

1948 5329 2125 5414 quod
2168 5333 2427 5418 tempus
2476 5329 2531 5394 si
2590 5351 2725 5414 pax
2782 5351 2920 5394 non
2979 5329 3180 5394 fuerit
3239 5329 3494 5418 plenius
3539 5329 3908 5408 reformata,
3953 5331 4042 5394 ad

1948 5429 2419 5516 experientiam
2464 5430 2673 5516 gladii
2716 5435 3150 5496 revertantur.

2588 5617 2687 5682 De
2730 5619 2918 5682 Peste
2963 5617 3432 5682 Animalmm.
3507 5693 3526 5700 ἱ

1616 5759 1671 5808 Α
1702 5757 1925 5808 mun-ain
2040 5745 2175 5812 Sub
2210 5745 2497 5830 ejusdem
2530 5745 2689 5810 anni
2720 5745 3054 5822 curricuIO,
3089 5749 3228 5808 tam
3257 5745 3570 5830 pestifera
3599 5749 4046 5810 armentorum

1616 5825 1925 5948 ῗὲῃὲῗὲἑῃᾶ,
1948 5847 2319 5914 mortalitas
2378 5869 2495 5934 per
2536 5853 2753 5914 totam
2799 5847 3114 5934 Angliam
3155 5845 3462 5924 invaluit,
3509 5853 3828 5932 quantam
3873 5849 4044 5910 1111115

1616 5955 1927 6074 ξέΐὲξὲᾏῒέἒ,
1950 5979 2019 6020 se
2064 5955 2365 6018 meminit
2394 5954 2790 6038 praevidisse.
2885 5955 2970 6018 In
3013 5977 3142 6038 qua
3185 5957 3370 6038 peste
3415 5953 3536 6016 hoc
3583 5953 3808 6018 evenit
3847 5955 4042 6018 mira-
