5559 8242
1948 2067 2077 2130 396
2510 2081 2824 2132 ANNALEs
2869 2083 3164 2132 HENRIOI
3213 2081 3480 2146 omnm,

1612 2273 1747 2324 A.D.
1774 2277 1921 2324 1404.
1942 2271 1979 2298 “
2026 2265 2381 2330 maximam
2448 2265 2844 2352 impendunt
2911 2265 3392 2346 reverentiam3
3461 2265 3554 2330 sic
3623 2267 3814 2352 quod,
3879 2263 4036 2326 dum

1946 2373 1979 2402 “
2026 2369 2319 2434 sacerdos
2384 2369 2627 2434 transit
2676 2369 2749 2432 in
2795 2367 2972 2432 villis
3019 2375 3086 2432 et
3131 2369 3406 2434 urbibus
3451 2369 3550 2434 ita
3593 2391 3740 2434 cum
3809 2367 4036 2432 Sacra-

1946 2475 1981 2506 “
2024 2481 2263 2550 mento,
2318 2493 2475 2536 mox
2518 2473 2575 2536 is
2626 2473 2739 2556 qui
2805 2471 3140 2556 proximus
3211 2477 3312 2536 est
3379 2473 3674 2550 ecclesiae,
3737 2467 4034 2536 accendit

1942 2581 1979 2608 “
2022 2577 2377 2652 torticium,
2410 2573 2589 2658 quod
2638 2571 2657 2608 ¹
2682 2595 2767 2638 ex
2799 2573 3144 2640 devotione
3185 2573 3208 2610 ἓ
3227 2575 3300 2638 in
3333 2575 3526 2640 domo
3563 2579 3742 2640 tenet
3785 2573 3868 2638 ad
3915 2571 4036 2636 hoc

1940 2681 1977 2712 ‘⁸
2024 2679 2323 2756 officium,
2374 2683 2441 2742 et
2494 2677 2808 2762 praecedit
2857 2681 3248 2754 reverenter,
3301 2699 3448 2742 cum
3501 2675 3824 2742 luminosa
3877 2675 4028 2750 face,

1942 2785 1981 2814 ‘⁶
2026 2781 2521 2866 presbyterum3
2568 2781 2635 2842 et
2682 2779 3110 2844 consimiliter
3161 2779 3412 2844 faciunt
3465 2779 3886 2866 conjunctim,
3919 2797 4034 2860 per

1942 2887 1977 2914 “
2024 2903 2183 2966 quos
2232 2881 2491 2960 transit,
2548 2881 2751 2946 donec
2813 2883 3188 2968 pervenerit
3249 2881 3334 2944 ad
3395 2883 3612 2946 locum
3675 2902 3804 2966 quo
3857 2879 4034 2966 jacet

1936 2985 1977 3016 “‘
2020 2991 2317 3070 aegrotus
2416 2985 2625 3066 Quem
2656 2985 2816 3048 dum
2849 2985 3216 3062 intraverit,
3239 2989 3592 3072 expectant
3621 2985 3794 3064 foris,
3831 2983 4034 3046 donec

1944 3091 1981 3118 “
2024 3087 2605 3152 communicaverit
2672 3087 2888 3174 ipsum
2959 3093 3300 3172 aegrotum,
3361 3087 3430 3150 in
3491 3109 3764 3152 numero
3827 3105 4034 3168 quan-

1942 3195 1979 3222 “
2026 3189 2235 3272 doque
2284 3209 2713 3270 accensorum,
2746 3189 3010 3268 scilicet,
3061 3189 3396 3276 octoginta
3443 3189 3794 3270 funalium3
3841 3207 4034 3272 quem

1944 3295 1981 3324 “
2028 3293 2405 3378 praecedunt
2452 3291 2916 3378 egredientem,
2961 3293 3162 3358 donec
3211 3291 3236 3328 3
3263 3291 3486 3358 veniat
3539 3293 3626 3356 ad
3681 3291 4032 3368 ecclesiam,

1944 3397 1979 3426 “
2026 3399 2093 3458 et
2122 3393 2215 3458 ibi
2248 3393 2655 3480 extinguunt·
2680 3393 2950 3472 funalia,
2983 3395 3068 3458 ad
3097 3393 3362 3480 propria
3411 3389 3438 3426 4
3461 3399 3872 3460 revertentes
3905 3417 3920 3472 3
3967 3397 4036 3456 et

1946 3499 1979 3528 ‘⁶
2024 3501 2185 3580 puto
2242 3495 2455 3560 Deum
2500 3517 2761 3584 parcere
2811 3501 2878 3560 et
2925 3495 3270 3582 propitiari
3323 3495 3452 3560 illis
3483 3519 3598 3582 pro
3653 3497 3784 3562 fide
3835 3519 4032 3580 quam

1946 3603 1983 3630 “
2026 3599 2401 3678 ostendunt,
2464 3605 2531 3664 et
2600 3599 2972 3666 reverentia
3043 3621 3242 3686 quam
3317 3599 3728 3686 impendunt,
3809 3599 4034 3664 Sacra-

1948 3705 1985 3734 ‘⁶
2032 3701 2313 3768 ment0.''

1608 3809 1719 3860 The
1742 3809 1883 3886 {flag
2034 3805 2199 3882 Rex,
2260 3805 2385 3870 hiis
2442 3805 2755 3870 nimirum
2819 3805 3038 3870 verbis
3097 3827 3448 3870 conversus
3495 3807 3578 3870 ad
3639 3803 4034 3892 religionem,

1608 3891 1923 3990 fffgssnfgegrffl
1946 3907 2249 3990 promisit
2342 3907 2844 3994 Archiepiscopo
2923 3929 2990 3972 se
3075 3911 3526 3994 correpturum
3605 3907 4036 3972 effectualiter

1516 4037 1523 4042 ·
1608 4015 1809 4124 ἰίᾶζέἓὲἓ
1810 4007 1903 4124 310
1944 4005 2395 4086 irreverentes,
2422 4013 2493 4072 et
2536 4009 3012 4096 castigaturum
3045 4011 3518 4074 monitionibus
3569 4031 3876 4096 personas
3921 4011 4034 4094 qui

1862 4111 1875 4126 ’
1948 4111 2359 4198 deliquerant
2416 4113 2491 4176 in
2548 4113 2669 4176 hac
2728 4119 2956 4196 parte3
3015 4133 3134 4178 neo
3195 4113 3414 4176 minus
3449 4111 3650 4196 jussit
3695 4117 3770 4176 ut
3815 4113 4034 4176 redar-

1942 4221 2171 4300 gueret
2218 4221 2287 4280 et
2332 4217 2683 4302 corrigeret
2728 4235 2836 4280 eas
2881 4215 3036 4302 ipse,
3091 4221 3288 4302 prout
3333 4215 3566 4280 melius
3617 4215 3876 4280 noverit
3923 4239 4034 4280 ex-

1944 4317 2185 4400 pedire.

1610 4419 1751 4470 John
2036 4419 2225 4484 Circa
2268 4441 2553 4504 praesens
2598 4423 2880 4506 tempus
2913 4419 2958 4482 J
2967 4419 3314 4508 [ohannes]
3361 4421 3628 4498 Trevor,
3677 4419 4034 4508 Episcopus

1610 4487 1887 4614 {Jseffgg’of
1946 4519 2347 4602 Assavensis,
2392 4521 2659 4606 reliquit
2706 4521 2952 4586 curiam
3017 4521 3358 4610 Principis
3407 4529 3490 4604 et,
3547 4545 3892 4590 conversus
3935 4547 4036 4590 re·-

1612 4619 1687 4732 ἓξ.-
1712 4617 1909 4734 ΑὲξΡῙῙ>
1946 4625 2431 4710 trorsum,fugit
2482 4625 2565 4688 ad
2618 4623 2946 4690 Owenum
2981 4627 3272 4692 Glendor
3311 4651 3326 4706 3
3371 4633 3762 4712 conquestus
3809 4629 4024 4714 primo

1604 4701 1923 4804 ’ξῗέἓᾶοξὲξ
1948 4729 2125 4812 quod
2168 4749 2283 4812 per
2330 4727 2609 4792 eundem
2654 4727 3046 4812 perdidisset
3075 4729 3328 4794 fructus
3371 4731 3474 4794 sui
3519 4731 3836 4808 beneficii,
3883 4731 4036 4796 licet

1936 4825 2129 4910 jussu
2192 4829 2391 4914 Regis
2458 4831 2527 4892 in
2588 4829 2779 4892 domo
2845 4829 3164 4916 Principis
3239 4839 3750 4910 conversaretur,
3817 4833 4034 4898 deesse

1944 4937 2169 4998 tamen
2228 4933 2355 4998 sibi
2400 4937 2697 5016 sumptus
2746 4933 2832 4998 ad
2879 4931 2902 4968 ⁵
2921 4935 3282 4998 necessaria
3329 4935 3566 5020 quibus
3625 4937 3760 5020 ipse
3821 4941 3888 5000 et
3933 4937 4034 5000 sui

1944 5031 1969 5068 ⁰
1988 5035 2367 5122 peculiabus
2434 5035 2846 5120 indigebant.
2943 5035 3068 5100 Oui
3131 5059 3280 5102 cum
3349 5037 3674 5101 Dominus
3743 5039 4036 5104 Cantua·

1944 5137 2179 5202 riensis
2242 5137 2591 5202 obtulisset
2654 5139 3018 5224 hospitium
3089 5145 3156 5204 et
3229 5139 3558 5224 impensas
3621 5139 4032 5220 necessarias,

1944 5261 2081 5304 non
2128 5239 2485 5324 adquievit,
2548 5241 2659 5304 sed
2722 5241 3010 5304 latenter
3071 5241 3316 5320 abienS,
3395 5261 3742 5306 conversus
3803 5247 3904 5306 est
3963 5243 4038 5304 in

1948 5337 1973 5376 ⁷
1990 5363 2213 5406 arcum
2272 5365 2569 5428 pravum,
2632 5347 2715 5420 et,
2760 5343 2974 5408 hostis
3031 5343 3206 5408 hosti
3257 5343 3550 5430 junctus,
3593 5343 3806 5408 hostis
3849 5343 4036 5430 regni

1948 5445 2249 5530 publicus
2294 5451 2393 5510 est
2426 5445 2779 5530 judicatus,

2016 5705 2029 5736 ¹
2056 5721 2117 5754 ex
2134 5703 2375 5754 devotione
2392 5705 2443 5754 in
2458 5703 2719 5768 devotione,
2740 5705 2796 5754 in
2819 5703 2946 5772 orig.
3103 5709 3122 5736 ⁵
3145 5707 3256 5756 The
3269 5707 3434 5756 whole
3457 5703 3514 5754 of
3529 5707 3630 5756 this
3643 5721 3854 5770 passage
3877 5719 4036 5754 seems

2012 5787 2033 5814 ²
2056 5785 2221 5834 These
2242 5791 2341 5834 two
2356 5787 2517 5836 words
2540 5801 2623 5836 are
2644 5787 2876 5850 repeated
2893 5787 2948 5834 in
3035 5793 3088 5834 to
3109 5787 3174 5834 be
3197 5775 3470 5850 imperfect.

1948 5865 2077 5930 orig.
3105 5867 3124 5892 ⁶
3149 5865 3236 5912 Sic
3257 5863 3308 5912 in
3335 5865 3460 5928 orig.

2014 5947 2031 5974 ³
2056 5945 2311 6008 Repeated
2332 5945 2387 5994 in
2410 5944 2535 6010 orig.
2993 5965 2998 6040 Ι
3107 5947 3124 5970 ⁷
3147 5943 3420 6008 Probably,
3449 5945 3504 5992 in
3541 5943 3756 5994 allusion
3791 5951 3842 5992 to
3865 5939 4034 5992 Psalm

2014 6027 2033 6054 ⁴
2056 6033 2315 6074 revertente
2338 6027 2391 6074 in
2414 6027 2539 6090 orig.
2993 6041 3002 6066 ι.
3043 6021 3244 6072 lxxviii.
3277 6025 3356 6072 57.
