5559 8242
1886 2081 2013 2144 340
2422 2091 2741 2142 ANNALEs
2787 2073 3086 2142 rismum
3133 2091 3410 2156 QUARTI,

1556 2277 1693 2328 ΑΒ·
1722 2279 1861 2324 1402·
1978 2279 2077 2342 Eo
2108 2283 2417 2364 tempore,
2448 2277 2623 2340 malo
2660 2277 2892 2354 sidere,
2923 2277 3194 2362 quidam
3227 2295 3310 2340 ex
3345 2277 3592 2342 Ordine
3625 2277 3980 2354 Minorum,

1558 2367 1867 2418 AMinorite

1556 2433 1705 2484 Friar
1726 2433 1771 2480 is
1894 2379 1975 2442 de
2022 2379 2393 2464 proditione
2452 2383 2824 2466 pensanteS,
2891 2379 3272 2464 priusquam
3335 2379 3678 2464 procedere
3737 2379 3988 2466 potuis-

1564 2499 1807 2550 executed
1896 2487 2061 2556 sent,
2114 2481 2289 2566 capti
2332 2485 2503 2544 sunt.
2596 2481 2894 2558 Quorum
2947 2501 3084 2544 unu
3095 2501 3140 2556 s,
3203 2481 3646 2566 interrogatus
3693 2503 3732 2544 a
3767 2481 3990 2566 judice

1562 2565 1639 2616 for
1660 2571 1869 2614 treason.
1898 2585 2055 2670 quid
2102 2583 2307 2648 facere
2350 2583 2683 2660 voluisset,
2732 2583 2788 2646 si
2843 2583 2990 2646 Rex
3051 2581 3374 2646 Ricardus
3431 2583 3688 2646 viveret
3749 2589 3814 2646 et
3875 2581 3992 2646 ad·-

1898 2693 2083 2760 esset,
2128 2685 2463 2766 respondit
2500 2691 2890 2760 constanter,
2937 2705 3004 2748 se
3047 2705 3164 2766 pro
3211 2703 3286 2748 eo
3329 2685 3500 2748 velle
3545 2685 3804 2776 stetisse
3841 2707 3992 2748 con-

1904 2795 2009 2852 tra
2068 2787 2397 2872 quoslibet
2448 2787 2609 2850 alios
2652 2809 2860 2874 usque
2921 2787 3006 2852 ad
3075 2773 3370 2852 mortem.
3479 2787 3658 2850 Data
3719 2787 3994 2870 proinde

1904 2895 2131 2956 contra
2178 2911 2323 2952 eum
2362 2889 2709 2970 sententia,
2740 2891 2996 2956 tractus
3037 2893 3106 2954 et
3149 2911 3498 2976 suspensus
3529 2895 3626 2954 est
3657 2889 3730 2952 in
3759 2889 3996 2954 habitu
4067 2899 4070 2902 ’

1906 3015 2041 3056 suae
2070 2991 2507 3076 professioniS‚
2540 2991 2623 3054 ad
2654 2993 2968 3074 majorem
3003 2991 3274 3058 Ordinis
3311 2991 3770 3056 confusionem.
3867 2991 3998 3058 Sed

1908 3091 2267 3158 confratres
2312 3093 2467 3174 ejus,
2518 3097 2788 3156 tantum
2831 3115 2970 3156 non
3013 3093 3296 3158 ferentes
3357 3093 3652 3170 dedecus,
3701 3093 4002 3158 obtinue-

1912 3197 2069 3258 runt
2116 3215 2155 3256 a
2204 3195 2385 3276 Rege
2432 3199 2507 3256 ut
2554 3215 2792 3280 corpus
2835 3193 3128 3258 defuncti
3171 3195 3626 3278 deponeretur,
3677 3199 3742 3258 et
3783 3217 4004 3280 supre-

1912 3295 2039 3358 mis
2084 3295 2377 3382 exequiis
2426 3303 2779 3360 curaretur.

1584 3387 1885 3510 ἓῗῇῐὲἓὲῃ,
2006 3397 2375 3484 Suspensus
2408 3403 2507 3462 est
2536 3403 2603 3462 et
2634 3385 2962 3462 Dominus
2995 3399 3290 3482 Rogerus
3323 3397 3764 3482 Olaryndone,
3797 3399 4004 3480 mileS,

1586 3537 1617 3570 a
1636 3519 1837 3570 bastard
1916 3501 2107 3602 filius,
2150 3507 2231 3564 ut
2286 3499 2671 3580 dicebatur,-
2704 3501 2952 3564 nothus
2997 3499 3328 3584 quondam
3379 3501 3626 3564 nobilis
3691 3499 4006 3586 principis

1586 3585 1819 3712 ffdlwoafrd,
1918 3603 2251 3678 Edwardi,
2302 3603 2425 3666 filii
2474 3603 2671 3688 Regis
2724 3601 3062 3678 Edwardi,
3111 3601 3320 3666 Tertii
3371 3625 3410 3666 a
3441 3601 3876 3686 -Oonquaestu,
3925 3611 4010 3680 et,

1570 3713 1775 3834 ’Ἐνξὶιῗοε
1798 3717 1853 3766 of
1920 3727 2069 3768 cum
2116 3725 2209 3780 e0,
2258 3705 2541 3790 armiger
2602 3725 2777 3780 suus,
2829 3707 2898 3768 et
2957 3703 3270 3768 valectus.

1664 3801 1693 3834 a
1714 3801 1781 3844 eS,

1592 3851 1847 3902 executed.
2014 3807 2101 3870 In
2146 3807 2313 3870 festo
2348 3807 2659 3890 Corporis
2690 3805 2958 3882 Christi,
2991 3807 3166 3892 quod
3215 3807 3456 3870 accidit
3503 3811 3734 3870 octavo
3767 3805 4016 3870 Kalen-

1594 3945 1649 3994 A
1676 3943 1901 3992 dreadful
1926 3909 2041 3972 das
2086 3907 2131 3972 J
2136 3909 2297 3988 unii,
2354 3909 2543 3994 quasi
2602 3909 2765 3972 hora
2823 3909 3026 3972 tertia
3083 3911 3234 3990 post
3293 3907 3652 3986 meridiem,
3727 3913 4014 3994 repente,

1594 4019 1787 4126 {3133
1780 4009 1903 4122 {iffi
1928 4033 2077 4074 cum
2106 4011 2521 4094 tempestatis
2548 4009 2816 4074 turbine
2849 4013 2918 4072 et
2945 4009 3230 4074 tonitrui
3275 4007 3706 4092 perhorrendi
3739 4007 4018 4092 fragore,

1598 4143 1699 4192 and
1718 4141 1875 4206 light-
1930 4113 2215 4176 cecidere
2260 4111 2523 4196 fulgura
2572 4117 2637 4176 et
2684 4113 3180 4188 coruscationes,
3211 4109 3408 4174 corda
3451 4111 3812 4174 multorum
3855 4131 4026 4176 mor-

1600 4209 1739 4272 ning.
1930 4215 2169 4276 talium
2214 4213 2631 4276 deterrentes.
2724 4211 3070 4276 Diabolica
3101 4233 3360 4296 quoque
3395 4213 3638 4296 species
3671 4211 4022 4276 visibiliter

1602 4299 1909 4414 sslzlgeffl‘the
1934 4313 2241 4400 apparuit
2284 4313 2357 4374 in
2404 4313 2721 4388 Estsexia,
2782 4313 2860 4376 in
2917 4311 3354 4376 similitudine
3407 4311 3662 4376 Fratris
3725 4311 4022 4394 MinoriS,

1602 4431 1771 4546 {evil}
1796 4419 1845 4478 alt
1936 4415 2113 4502 apud
2160 4413 2485 4498 Danbyri,
2518 4419 2585 4478 et
2632 4413 2948 4480 intrantis
2995 4413 3332 4478 ecclesiam
3375 4413 3538 4478 hora
3569 4413 4026 4500 Vesperarum,

1658 4511 1721 4544 an
1758 4511 1867 4558 ury,

1604 4563 1661 4612 in
1684 4559 1855 4612 Essex.
1934 4515 2347 4602 parochianis
2392 4515 2876 4602 aspicientibus,
2925 4521 2992 4580 et
3039 4517 3118 4582 de
3163 4515 3614 4582 horridissima
3657 4517 3884 4580 vultus
3929 4517 4032 4582 in-
4087 4547 4090 4550 ⁴

1938 4619 2119 4682 tuitu
2150 4617 2577 4682 indicibiliter
2598 4619 3014 4684 tremefactis,
3109 4617 3276 4698 Quae
3307 4619 3568 4704 specieS,
3591 4621 3766 4682 inter
3795 4623 4032 4686 caetera

1942 4721 2269 4786 terribilia
2328 4743 2473 4806 quae
2540 4719 2761 4806 gessit,
2813 4721 2960 4786 visa
3019 4725 3118 4784 est
3177 4721 3264 4784 ad
3325 4721 3532 4786 altare
3593 4721 3916 4800 accessise,
3963 4729 4030 4788 et

1876 4843 1883 4846 ”
1944 4845 2135 4910 super
2166 4825 2451 4898 saltasse,
2482 4845 2521 4886 a
2552 4823 2790 4886 dextro
2833 4845 3034 4888 cornu
3079 4821 3164 4886 ad
3211 4823 3572 4900 sinistrum,
3611 4823 3828 4888 tribus
3875 4823 4038 4888 vici-

1618 4937 1673 4986 A
1692 4951 1811 4986 man
1834 4935 1877 4986 is
1946 4927 2087 5002 bus,
2122 4925 2357 4988 deinde
2390 4947 2475 5004 se,
2510 4923 2527 4958 ¹
2552 4925 2928 5010 nigrificans
2963 4923 3260 5010 effigiem,
3289 4925 3736 5002 transf'orasse,
3769 4929 3836 4990 et
3865 4925 4040 4998 inter

1614 5005 1929 5132 itpljeuggiirilg
1950 5027 1975 5064 2
1998 5027 2335 5110 cujusdam
2396 5025 2595 5090 tibias
2662 5029 3136 5112 pertransisse3
3197 5031 3264 5092 et
3325 5027 3416 5092 sic
3479 5029 3760 5106 demum,
3817 5027 4044 5092 relicto

1620 5137 1767 5214 when
1794 5139 1877 5186 de-
1952 5129 2187 5192 foetore
2206 5129 2651 5208 intolerabili,
2696 5129 3032 5194 ecclesiam
3077 5127 3376 5194 exivisse.
3473 5127 3596 5192 Vir
3655 5133 3878 5194 autem
3929 5151 4046 5214 per

1620 5215 1837 5268 partmg.
1954 5231 2135 5316 cujus
2200 5231 2397 5296 tibias
2458 5227 2954 5318 pertransierat,
3013 5229 3362 5296 confestim
3433 5231 3700 5296 letalem
3767 5231 4048 5296 incurrit

1956 5335 2431 5412 infirmitatem,
2474 5333 2751 5420 pedibus
2799 5341 2866 5398 et
2911 5333 3118 5408 tibiiS,
3173 5337 3374 5418 atque
3417 5333 3788 5410 femoribus,
3833 5333 4052 5418 nigre-

1628 5459 1741 5510 The
1764 5475 1897 5508 sum-
1960 5437 2295 5500 scentibus
2340 5435 2425 5498 ad
2470 5437 2741 5500 modum
2801 5435 2980 5522 picis.
3073 5435 3230 5520 Ipsa
3295 5435 3474 5510 hora,
3527 5435 3870 5500 summitas
3933 5437 4058 5500 toli

1628 5525 1903 5646 ffldrztflilse
1964 5537 2167 5622 ipsius
2228 5537 2509 5604 eeclesiae
2562 5543 2663 5602 est
2706 5537 3056 5614 confracta,
3103 5541 3170 5602 et
3235 5535 3556 5602 medietas
3617 5539 3884 5604 cancelli
3947 5539 4058 5604 de-

1636 5663 1851 5726 injured.
1966 5645 2215 5706 structa
2260 5645 2329 5706 et
2374 5639 2707 5724 dissipata.

2044 5957 2063 5990 ¹
2088 5961 2347 6028 nim-icam
2366 5961 2423 6012 in
2446 5961 2575 6024 orig.
2602 5963 2605 5966 ’
2879 5959 2892 6028 Ι
2971 5963 3004 6048 ⁴²
3027 5961 3344 6026 Apparently
3367 5959 3566 6012 written
3589 5959 3842 6028 cujusdam
3865 5959 3918 6010 in
3939 5961 4068 6024 orig.
