5559 8242
2498 2049 2703 2098 REGIS
2746 2047 3044 2098 ANGLIAE.
3541 2033 3546 2040 '
3687 2037 3814 2100 359

1726 2241 1759 2272 “
1806 2235 2001 2302 dictis
2060 2233 2347 2322 praelatis
2406 2235 2671 2314 factam,
2718 2239 2786 2300 et
2817 2235 3102 2302 'litteras
3161 2233 3572 2322 Apostolicas
3623 2253 3816 2322 super
3839 2225 4142 2300 A.D.1403.

1724 2347 1753 2374 “‘
1800 2341 1893 2404 eis
1936 2339 2277 2406 confectas.
2374 2339 2655 2404 Provide
2702 2337 3126 2404 attendentes
3181 2337 3356 2424 quod
3401 2337 3684 2402 tendunt
3727 2337 3814 2404 ad

1724 2453 1757 2476 ‘⁶
1802 2463 2061 2520 noxam,
2092 2441 2473 2528 praedictam
2516 2441 3068 2524 consuetudinem,
3101 2445 3170 2508 et
3199 2441 3472 2508 Statuta
3501 2441 3816 2530 praedicta

1718 2553 1749 2580 “
1798 2567 2199 2632 quaecunque
2244 2567 2439 2632 super
2482 2547 2625 2626 hiis,
2674 2567 3070 2626 revocamus,
3113 2567 3452 2626 cassamUS,
3485 2551 3552 2610 et
3581 2547 3816 2610 annul-

1718 2657 1753 2684 ‘³
1796 2649 2047 2730 lamus3
2118 2673 2193 2714 ac
2252 2651 2555 2716 volumus
2616 2659 2685 2718 et
2754 2651 3178 2730 decernimus,
3227 2651 3402 2736 quod
3443 2649 3698 2736 judices
3743 2653 3812 2716 et

1720 2741 1753 2788 ‘³
1798 2759 2173 2820 executores
2220 2753 2607 2840 quicunque,
2654 2755 2725 2820 in
2770 2757 3014 2822 litteris
3069 2755 3464 2840 Apostolicis
3513 2755 3812 2840 deputati

1716 2865 1747 2890 “
1776 2861 1861 2940 ⁴et
1922 2857 2305 2940 deputandi,
2370 2879 2445 2922 ac
2512 2859 2755 2922 notarii
2833 2865 2900 2924 et
2975 2859 3362 2938 tabelliones
3425 2881 3616 2944 super
3681 2857 3812 2922 hiis

1714 2967 1751 2992 ‘⁶
1796 2943 2095 3044 requisiti
2170 2965 2239 3024 et
2328 2957 2721 3044 requirendi,
2803 2961 3048 3046 absque
3125 2959 3348 3024 littera
3419 2961 3812 3046 hujusmodi,

1714 3069 1749 3096 ‘⁶
1796 3069 1811 3094 ‘
1844 3061 2147 3126 Vidimus
2172 3059 2189 3084 ²
2234 3065 2629 3148 nuncupata,
2662 3065 2731 3128 et
2760 3061 3002 3146 absque
3049 3061 3314 3128 licentia
3347 3063 3452 3126 vel
3497 3083 3810 3128 consensu

1714 3175 1747 3200 “
1794 3173 2325 3252 quorumcunque
2364 3165 2804 3252 praelatorum,
2839 3187 2952 3238 seu
2997 3167 3424 3252 superiorum,
3455 3169 3572 3230 aut
3617 3165 3812 3232 offici·
3891 3231 3896 3236 ,

1714 3277 1749 3302 “
1792 3269 2095 3346 ariorum,
2140 3269 2341 3334 libere
2386 3269 2761 3356 hujusmodi
2811 3267 3226 3354 Apostolicas
3271 3267 3526 3336 litteras
3575 3269 3812 3354 exequi

1714 3381 1747 3406 “
1790 3371 2041 3456 possint
2086 3375 2153 3436 et
2200 3369 2531 3452 debeant3
2578 3395 2653 3438 ac
2704 3393 2930 3438 omnes
2981 3375 3050 3438 et
3111 3371 3402 3456 singulas
3447 3371 3812 3438 sententias

1714 3483 1747 3510 “
1792 3495 1955 3558 quas
2000 3473 2261 3558 praelati
2304 3475 2413 3538 vel
2460 3471 2838 3558 superiores,
2885 3479 3000 3538 aut
3067 3495 3290 3538 eorum
3337 3473 3654 3554 officialeS,
3701 3473 3808 3538 vel

1708 3583 1743 3612 ‘⁴
1792 3579 2163 3642 executores
2248 3573 2697 3662 praefatorum,
2789 3581 3056 3662 propter
3143 3575 3560 3642 executiones
3633 3577 3808 3662 ipsas

1710 3687 1745 3714 ‘⁶
1790 3703 1905 3766 per
1980 3681 2155 3766 ipsos
2232 3681 2581 3760 faciendas,
2656 3679 3036 3768 infligerent
3111 3701 3224 3744 seu
3299 3677 3808 3766 promulgarent,

1706 3789 1741 3816 ‘⁶
1788 3773 2191 3848 decernimus
2236 3783 2457 3848 irritas
2504 3789 2571 3848 et
2628 3777 2880 3862 inanes„
2927 3777 3298 3870 nulliusque
3345 3781 3592 3850 roboris
3639 3783 3808 3848 exis-

1712 3895 1743 3922 “
1786 3891 1941 3960 tere,
1988 3887 2097 3950 vel
2140 3885 2475 3950 momenti.

1794 3997 1827 4026 “
1858 3989 2049 4068 Item,
2118 4011 2263 4078 cum
2330 3989 2599 4070 dudum,
2676 3987 3056 4076 importuna
3133 3987 3472 4066 instantia,
3547 4007 3804 4054 conces-

1704 4101 1737 4128 “
1786 4093 1989 4158 simus
2054 4091 2551 4180 quampluribus
2618 4093 2912 4176 personis
2987 4093 3250 4156 litteras
3325 4091 3802 4156 familiaritatis

1702 4205 1739 4230 ‘⁶
1786 4201 2047 4286 nostrae,
2112 4195 2183 4260 in
2244 4197 2485 4280 quibus
2554 4197 2932 4260 continetur
2993 4195 3166 4280 quod
3225 4195 3354 4282 ipsi
3415 4195 3668 4280 possint
3731 4197 3800 4258 et

1708 4307 1737 4332 “
1786 4299 2067 4362 debeant
2112 4299 2395 4384 gaudere
2440 4297 2804 4384 privilegiis
2843 4293 3080 4384 quibus
3121 4297 3414 4384 gaudent
3449 4297 3800 4364 familiares

1704 4407 1741 4434 ‘⁶
1784 4403 1993 4466 nostri
2022 4401 2335 4478 continui,
2370 4407 2437 4466 et
2470 4401 2814 4466 domestici
2861 4401 3320 4466 commensales
3347 4425 3362 4480 ;
3397 4401 3700 4468 volumus
3729 4403 3798 4466 et

1702 4511 1735 4538 ‘⁴
1782 4505 2199 4586 declaramus,
2252 4503 2445 4590 quod,
2516 4507 2846 4590 praetextu
2913 4505 3152 4572 talium
3205 4505 3594 4584 litterarum,
3653 4505 3798 4594 qui-

1700 4615 1735 4644 “'
1782 4609 1987 4676 busve
2050 4629 2515 4686 concessarum,
2584 4607 2707 4674 sub
2778 4629 3166 4696 quacunque
3237 4609 3446 4674 forma
3509 4609 3620 4674 vel
3681 4631 3794 4674 ex-

1702 4721 1735 4746 “
1780 4713 2107 4800 pressione
2176 4715 2545 4790 verborum,
2598 4711 2866 4778 etiamsi
2917 4719 3132 4778 essent
3179 4713 3370 4778 factae
3415 4717 3602 4778 motu
3647 4735 3796 4800 pro-

1614 4811 1617 4814 ’
1702 4825 1737 4848 “
1782 4817 1941 4902 prio,
2010 4815 2109 4880 illi
2170 4817 2287 4902 qui
2330 4817 2495 4882 tales
2554 4815 2816 4880 litteras
2877 4817 3346 4894 obtinuerunt,·
3371 4817 3552 4882 nullo
3599 4815 3794 4882 modo

1700 4929 1733 4954 “
1776 4921 2107 5008 gaudeant
2184 4921 2381 4986 dictis
2452 4919 2834 5008 privilegiis,
2901 4921 3032 4986 nisi
3107 4921 3440 4984 duntaxat
3507 4919 3604 4984 illi
3679 4921 3794 5006 qui

1698 5029 1733 5058 ·“
1776 5045 2001 5090 revera
2062 5027 2225 5088 sunt
2284 5023 2639 5090 familiares
2698 5023 2912 5090 nostri
2971 5023 3288 5106 continui,
3341 5025 3410 5088 et
3455 5021 3794 5088 domestici

1686 5121 1727 5160 '²‘
1774 5125 2257 5192 commensales.

1786 5235 1819 5262 “
1852 5229 2043 5310 Item,
2078 5251 2147 5292 ca
2158 5249 2423 5306 ssamuS,
2472 5227 2830 5306 irritamus,
2865 5233 2934 5294 et
2979 5229 3418 5310 annullamus,
3449 5249 3672 5296 omnes
3715 5233 3812 5294 et·

1696 5337 1729 5366 ³‘
1774 5331 2065 5418 singulas
2128 5335 2569 5400 concessiones
2618 5337 2685 5398 et
2714 5331 2721 5336 ’
2748 5333 3136 5398 donationes
3203 5355 3322 5420 per
3381 5353 3500 5400 nos
3563 5333 3788 5412 factaS,

1694 5441 1731 5470 “
1774 5437 1895 5500 sub
1944 5455 2331 5522 quacunque
2380 5431 2399 5468 ¹
2426 5433 2695 5524 [forma]
2760 5435 2898 5502 sive
2963 5437 3372 5522 expressione
3419 5435 3788 5518 verborum,

1694 5547 1729 5574 “
1774 5541 2269 5626 quibuscunque
2330 5539 2669 5604 laicalibus
2744 5541 3050 5628 personis,
3131 5543 3212 5606 de
3289 5541 3786 5626 quibuscunque

1696 5649 1731 5680 “
1776 5643 1981 5722 bonis,
2024 5643 2383 5734 mobilibus
2430 5665 2545 5708 seu
2592 5631 2960 5728 stabilibus,
3011 5665 3542 5730 quarumcunque
3595 5645 3790 5710 eccle-

1690 5747 1723 5782 1(
1770 5747 2015 5810 siarum
2058 5751 2177 5812 aut
2222 5745 2786 5826 monasteriorum,
2841 5749 2960 5812 aut
3021 5767 3394 5812 mensarum
3461 5745 3792 5834 episcopa-

2030 5991 2045 6028 Ξ
2080 5995 2211 6048 This
2232 5997 2385 6060 word,
2410 6011 2467 6048 01·
2490 6011 2587 6048 one
2608 5997 2800 6050 similar
2831 6005 2882 6048 to
2917 5995 2972 6060 it,
2995 5997 3042 6048 is
3065 5997 3272 6048 omitted
3289 5997 3344 6060 in
3369 5997 3494 6064 orig.
