5559 8242
2378 2045 2581 2126 nnsis
2626 2075 2918 2126 ANGLIAE.
3569 2065 3716 2128 355·
3775 2123 3784 2134 .

1604 2275 1633 2300 “
1678 2265 2025 2344 nullamus,
2060 2269 2129 2330 et
2156 2261 2403 2332 nullius
2434 2287 2575 2334 esse
2604 2267 2912 2332 volumus
2941 2267 3194 2334 roboris
3223 2268 3330 2334 vel
3361 2269 3692 2334 momenti.
3719 2279 3854 2332 ΑΛ).
3883 2281 4028 2356 1403,

1604 2375 1639 2404 “
1686 2369 1783 2434 Ac
1828 2369 2131 2436 volumus
2180 2371 2353 2454 quod
2406 2371 2695 2436 locorum
2758 2369 3070 2436 ordinarii
3123 2371 3394 2458 possint,
3451 2375 3518 2436 et
3581 2371 3692 2436 de-

1604 2481 1639 2508 “
1682 2473 1883 2538 beant
1916 2473 2135 2550 etiam,
2166 2479 2431 2558 accepta
2458 2473 2852 2540 auctoritate
2885 2473 3278 2558 Apostolica,
3315 2473 3692 2560 compellere

1562 2631 1565 2634 .
1606 2583 1637 2612 ‘⁶
1686 2575 1769 2642 ad
1814 2575 2225 2640 observanda
2268 2577 2629 2662 praemissa,
2660 2601 2779 2664 per
2811 2597 3152 2644 censuram
3197 2577 3694 2642 ecclesiasticam

1608 2687 1639 2716 ‘⁶
1688 2685 1753 2744 et
1830 2678 1959 2746 alia
2026 2679 2197 2764 juris
2264 2681 2567 2758 remedia,
2662 2687 2779 2746 etc.
2903 2679 3096 2760 Item,
3171 2701 3554 2746 revocamus
3629 2685 3696 2746 et

1608 2787 1645 2820 ⁵<
1690 2783 2103 2850 annullamus
2138 2803 2359 2848 omnes
2406 2787 2473 2848 et
2518 2785 2806 2870 singulas
2853 2783 3296 2870 indulgentias
3341 2781 3414 2844 in
3459 2781 3696 2868 quibus

1604 2895 1639 2924 “
1688 2889 2063 2952 continetur
2132 2895 2149 2922 ‘
2178 2887 2241 2952 A
2284 2907 2483 2972 poena
2536 2891 2603 2952 et
2650 2909 2689 2950 a
2736 2885 2962 2974 culpa',
3031 2888 3136 2952 vel
3201 2887 3404 2952 Plena
3461 2883 3696 2952 Indul-

1608 2997 1643 3026 “
1690 2991 1915 3078 gentia
1990 2991 2285 3056 omnium
2360 2995 2773 3074 peccatorum
2841 3011 3118 3066 suorum,
3191 2993 3258 3054 et
3325 2989 3488 3054 alias
3553 3011 3696 3074 quae

1600 3097 1643 3126 (ζ
1690 3113 2003 3158 concessae
2076 3091 2099 3126 ¹
2122 3095 2279 3156 sunt
2352 3091 2579 3156 formis
2646 3091 3208 3178 indulgentiarum
3285 3091 3698 3156 ecclesiarum
3743 3141 3748 3148 .

1606 3205 1641 3230 ‘²
1692 3195 1897 3262 Urbis
1948 3195 2105 3260 anni
2168 3195 2215 3258 J
2216 3193 2461 3274 ubilaei,
2506 3195 2615 3260 Vel
2662 3193 2894 3260 Sancti
2945 3195 3286 3282 Sepulchri
3347 3195 3692 3272 Dominici,

1612 3303 1647 3332 “
1696 3297 2035 3364 Michaelis
2110 3299 2509 3386 Archangeli
2590 3297 2663 3360 in
2740 3299 2970 3364 Monte
3063 3297 3386 3386 GarganO,
3467 3291 3694 3362 Sancti

1610 3405 1645 3434 ‘⁶
1696 3399 1741 3464 J
1744 3403 1927 3466 acobi
1972 3401 2047 3464 in
2108 3401 2547 3486 Compostella
2592 3405 2659 3464 et
2710 3399 2936 3466 Sancti
2999 3399 3206 3466 Marci
3253 3401 3334 3466 de
3383 3399 3696 3480 VenetiiS‚

1610 3509 1645 3538 ‘⁶
1694 3503 1955 3570 Sanctae
1986 3505 2217 3570 Mariae
2250 3503 2329 3568 de
2362 3503 2637 3590 Angelo,
2664 3505 2826 3570 alias
2857 3503 2930 3568 in
2963 3501 3406 3582 Portiuncula,
3437 3501 3696 3570 Sanctae
3723 3525 3726 3528 ’

1612 3611 1649 3642 ‘⁶
1696 3607 1927 3672 Mariae
1972 3607 2053 3672 de
2100 3607 2495 3684 SolomodiO,
2542 3629 2617 3672 ac
2662 3605 2689 3642 2
2714 3627 2938 3672 omnes
2981 3604 3158 3684 alias,
3209 3627 3358 3690 quae
3407 3611 3564 3670 sunt
3611 3607 3698 3670 ad

1612 3715 1645 3742 “
1690 3711 1903 3774 instar
1966 3709 2527 3794 indulgentiarum
2590 3709 2934 3800 quibusvis
2995 3707 3138 3772 aliis
3201 3707 3480 3772 ecclesiis
3545 3729 3696 3774 con·-

1612 3819 1649 3846 “
1694 3833 2059 3892 cessarum3
2138 3815 2205 3876 et
2272 3810 2595 3888 volumus
2686 3811 2864 3896 quod
2939 3809 3188 3876 nullius
3261 3809 3512 3876 roboris
3587 3831 3698 3876 ex-

1612 3919 1651 3948 “
1694 3915 1927 3990 istant,
1980 3913 2089 3978 vel
2148 3913 2483 3988 momenti,
2530 3909 2788 3978 etiamsi
2851 3913 2922 3976 in
2997 3911 3240 3978 litteris
3305 3911 3698 3998 Apostolicis

1612 4023 1645 4050 ‘⁶
1694 4017 2083 4102 supradictis
2114 4015 2547 4100 indulgentiis
2588 4005 2898 4082 confectis
2929 4015 3378 4082 contineretur
3411 4015 3698 4080 clausula

1550 4139 1553 4142 ’
1614 4125 1651 4154 “
1696 4119 1957 4196 talisf-
1980 4125 1997 4152 ‘
2020 4119 2109 4182 Et
2172 4119 2227 4184 si
2284 4117 2311 4154 3
2340 4119 2685 4206 contingat
2748 4119 3044 4184 revocari
3113 4141 3230 4204 per
3299 4141 3416 4184 nos
3477 4118 3696 4182 indul-

1618 4229 1653 4256 “
1700 4231 1715 4258 ⁶
1744 4223 1999 4310 gentias
2044 4221 2115 4288 in
2162 4245 2393 4314 genere
2446 4222 2553 4288 vel
2612 4221 2685 4288 in
2746 4225 2958 4310 specie
2989 4249 3004 4306 3
3071 4243 3218 4308 quae
3261 4223 3698 4310 indulgentiae

1612 4333 1645 4362 “
1696 4327 1897 4412 ‘ipsae
1942 4347 2055 4412 per
2100 4327 2361 4392 easdem
2390 4327 2647 4392 litteras
2692 4327 3020 4408 confectae,
3065 4349 3200 4392 non
3243 4327 3700 4412 intelligantur
3777 4401 3782 4408 .

1618 4437 1651 4464 “
1696 4435 1711 4462 ‘
1744 4427 2101 4494 revocatae?

1706 4539 1741 4566 ‘⁶
1786 4531 1975 4608 Item,
2032 4551 2179 4594 cum
2234 4532 2389 4596 olim
2432 4533 2679 4596 fuerint
2740 4533 3014 4598 diversis
3067 4533 3368 4618 ecclesiiS,
3429 4553 3504 4596 ac
3559 4553 3696 4596 mo-

1614 4637 1651 4668 “
1694 4635 2019 4714 nasteriis,
2044 4635 2205 4722 4[et]
2240 4635 2385 4700 aliis
2416 4634 2715 4720 pluribus
2746 4634 2920 4716 locis,
2953 4657 3266 4702 concessae
3293 4635 3572 4700 diversae
3599 4635 3702 4698 in-

1618 4741 1651 4772 “
1698 4737 2071 4824 dulgentiae,
2110 4759 2257 4802 cum
2290 4736 2597 4812 clausula,
2630 4735 2806 4824 quod
2839 4739 2952 4824 qui
2985 4737 3008 4774 ⁵
3029 4743 3382 4824 praeessent
3413 4737 3720 4804 ecclesiis·

1620 4847 1651 4876 “
1698 4839 1805 4906 vel
1850 4839 2281 4920 monasteriis,
2330 4845 2447 4906 aut
2506 4841 2665 4906 locis
2726 4839 3080 4926 praedictis,
3137 4845 3404 4926 possent
3465 4841 3700 4926 eligere

1618 4947 1651 4978 ‘⁴
1700 4947 1907 5008 certos
1954 4943 2349 5008 confessores
2396 4943 2511 5028 qui
2558 4941 2866 5008 audirent
2911 4941 3340 5006 confessiones
3397 4965 3702 5028 persona·-

1616 5053 1651 5082 “
1696 5067 1843 5112 rum
1888 5045 2359 5112 confluentium
2404 5047 2491 5110 ad
2532 5045 2912 5130 hujusmodi
2957 5043 3422 5132 indulgentias,
3475 5051 3544 5112 et
3589 5047 3704 5110 ab-

1622 5157 1657 5184 “
1702 5150 2033 5216 solverent
2076 5148 2225 5214 illos
2286 5149 2401 5234 qui
2464 5147 2557 5212 eis
2628 5149 3110 5228 confiterentur,
3181 5153 3248 5214 et
3311 5149 3386 5212 in
3449 5149 3704 5216 casibus

1618 5261 1653 5286 ‘⁶
1698 5252 2185 5338 episcopalibus,
2248 5255 2317 5316 et
2378 5251 2577 5316 etiam
2640 5251 2796 5318 Sedi
2857 5251 3250 5338 Apostolicae
3311 5253 3706 5332 reservatis3

1624 5361 1657 5386 ‘⁶
1702 5377 1775 5420 ac
1840 5355 1995 5440 quia
2056 5353 2359 5418 nonnulli
2436 5353 2707 5418 Fratres
2780 5355 3302 5422 Mendicantium
3381 5357 3704 5422 Ordinum

1620 5465 1653 5490 ‘⁶
1698 5457 2235 5544 impetraverunt,
2284 5457 2645 5542 quinimmo
2692 5461 2761 5522 et
2807 5463 3246 5538 extorserunt,
3295 5458 3704 5544 Apostolicas

1622 5569 1655 5594 “
1696 5561 1953 5624 litteras
1998 5583 2039 5622 a
2082 5561 2285 5638 nobiS,
2328 5583 2445 5646 per
2490 5583 2651 5646 quas
2682 5561 3062 5626 conceditur
3089 5561 3200 5640 eis,
3233 5565 3404 5646 quod
3433 5561 3704 5648 possint,

1618 5667 1657 5694 “
1702 5663 1903 5728 etiam
1978 5663 2209 5728 invitis
2276 5667 2345 5728 et
2418 5663 3020 5730 contradicentibus
3079 5665 3442 5730 rectoribus
3519 5677 3706 5750 paro-

1692 5895 1707 5922 ¹
1732 5893 1979 5954 Repeated
2002 5895 2057 5940 in
2080 5893 2203 5956 orig.
2774 5895 2794 5922 ⁴
2819 5895 3044 5944 Omitted
3065 5895 3120 5940 in
3143 5895 3270 5956 orig.

1690 5975 1711 6000 ‘²
1732 5989 1851 6020 omes
1870 5973 1927 6020 in
1950 5973 2075 6038 orig,
2778 5975 2798 6000 5
2809 5981 3042 6036 praeesset
3063 5973 3116 6022 in
3139 5973 3262 6036 orig.

1696 6053 1711 6080 ³
1734 6053 1913 6118 cotiyat
1930 6051 1987 6102 in
2008 6053 2135 6118 orig.

3317 6123 3440 6180 22
