5559 8242
1220 6383 1225 6396 5

1196 6441 1205 6460 ξ

1194 6483 1199 6490 ‘
1216 6481 1225 6496 ¹:

1196 6497 1205 6522 :1
1220 6507 1225 6518 ι

1214 6523 1225 6532 .,

1208 6547 1225 6556 ,,

1206 6557 1221 6576 4.

1206 6577 1225 6590 εδ.

1194 6609 1197 6612 .
1206 6595 1225 6608 'x‘

1194 6611 1225 6662 ἲς,

1194 6665 1205 6680 J

1216 6707 1219 6714 .

1202 6721 1225 6746 -i

1936 2005 2065 2066 456
2801 2019 3172 2068 APPENDIX.

1936 2205 2359 2294 quisitionem
2418 2209 2653 2296 praedii
2700 2211 2779 2274 de
2827 2209 3132 2274 Gorham.
3229 2209 3318 2274 Et
3363 2211 3764 2276 condonavit
3809 2211 4012 2274 eidem

1936 2311 2185 2378 Abbati
2234 2313 2563 2398 octoginta
2606 2333 2870 2388 marcae„
2919 2333 3080 2394 quas
3123 2313 3468 2398 recepisset
3499 2313 3580 2378 de
3623 2315 3812 2388 firma
3857 2313 4010 2378 dicti

1938 2415 2231 2496 manerii,
2278 2417 2331 2478 si
2378 2415 2447 2478 in
2494 2437 2693 2478 manu
2742 2437 2860 2478 sua
2905 2413 3090 2492 illud,
3153 2419 3352 2500 prout
3413 2415 3648 2500 potuit,
3697 2415 4016 2480 tenuisset

1940 2541 2141 2604 usque
2186 2519 2269 2582 ad
2314 2519 2515 2580 finem
2558 2523 2703 2580 octo
2750 2537 3088 2594 annorum,
3137 2517 3460 2598 videlicet,
3509 2517 3800 2604 quolibet
3845 2541 4016 2582 anno

1940 2623 2161 2688 decem
2222 2641 2485 2696 marcae„
2548 2643 2707 2706 quas
2770 2619 3170 2686 incremento
3239 2625 3500 2706 poterat
3561 2621 3868 2706 recepisse
3939 2623 4018 2686 de

1938 2727 2183 2812 praedio
2242 2727 2615 2788 memorato.
2704 2723 2960 2810 Nempe
3005 2747 3148 2790 curn
3197 2725 3528 2790 habuisset
3571 2725 3734 2790 illud
3779 2727 3864 2790 ad
3909 2727 4018 2788 fir-

1940 2849 2113 2892 mam
2160 2825 2351 2892 annis
2398 2833 2541 2892 octo
2588 2849 2669 2890 ex
2714 2829 3042 2912 emptione
3089 2829 3168 2892 de
3217 2827 3570 2904 Comitissa
3613 2829 3904 2906 Oxoniae,
3953 2835 4018 2892 et

1940 2931 2285 3014 recepisset
2326 2931 2483 2994 inde
2526 2931 2715 2994 annis
2758 2931 3036 3016 singulis
3097 2931 3538 3018 quadraginta
3581 2931 3798 3010 libras,
3845 2937 4022 3016 post·

1942 3055 2137 3118 quam
2202 3033 2415 3098 dictus
2460 3033 2685 3098 Abbas
2732 3033 3094 3120 adquisivit
3139 3033 3392 3098 dictum
3449 3033 3830 3108 manerium,
3877 3057 4022 3120 per-

1940 3135 2121 3200 misit
2188 3135 2519 3200 Abbatem
2572 3135 2810 3200 habere
2855 3137 3182 3222 profectus
3243 3135 3476 3224 praedii
3531 3159 3646 3220 pro
3701 3135 4020 3222 quinqua-

1942 3239 2131 3324 ginta
2176 3239 2407 3302 marcis
2460 3239 2711 3318 annuist,
2760 3243 2838 3300 ut
2885 3239 3282 3324 praedicitur,
3335 3247 3476 3304 octo
3523 3239 3730 3316 annis»,
3783 3239 4020 3324 quibus

1942 3343 2015 3406 in
2054 3363 2251 3406 manu
2284 3363 2401 3406 sua
2430 3343 2751 3428 tenuisset
2780 3343 2990 3408 locum
3029 3341 3386 3426 praefatum.
3479 3341 3650 3406 Item
3683 3341 4024 3406 distribuit

1940 3445 2011 3506 in
2074 3443 2459 3510 1Conventa
2520 3445 2763 3530 viginti
2829 3445 3044 3522 libras,
3107 3445 3430 3522 videlicet,
3501 3445 3772 3508 cuilibet
3831 3445 4020 3508 fratri

1942 3545 2285 3610 dimidiam
2330 3569 2627 3610 marcam.

2032 3647 2355 3716 Dominus
2400 3647 2427 3684 2
2446 3647 2761 3714 Ricardus
2823 3651 2902 3714 de
2947 3651 3258 3726 Tretoun,
3325 3651 3534 3712 rector
3599 3651 3678 3714 de
3735 3649 4020 3726 Tindele‚

1944 3757 2253 3816 executor
2298 3751 2565 3816 Domini
2626 3751 2900 3816 Roberti
2947 3749 3028 3816 de
3075 3751 3310 3836 Thorp,
3361 3749 3614 3826 militis,
3661 3747 3706 3814 J
3707 3749 4024 3816 usticiarii

1942 3853 2335 3938 principaliS,
2398 3859 2467 3918 et
2532 3855 2948 3940 postmodum
3013 3853 3196 3938 regni
3269 3853 3670 3930 Cancellarii,
3745 3853 4028 3916 contulit

1944 3977 2061 4040 pro
2126 3957 2343 4020 anima
2408 3957 2713 4038 ejusdem,
2782 3979 2896 4040 per
2951 3957 3138 4030 viceS‚
3209 3955 3294 4018 ad
3353 3957 3612 4020 diversa
3685 3977 3880 4040 opera
3953 3957 4024 4018 in

1946 4057 2345 4122 Monasterio
2392 4059 2629 4144 septies
2674 4057 2918 4144 viginti
2963 4079 3224 4122 marcas.

2038 4161 2353 4246 Magister
2382 4161 2427 4224 J
2432 4159 2717 4224 ohannes
2748 4159 3056 4246 Appelby
3087 4159 3270 4222 dedit
3299 4159 3454 4224 huic
3485 4159 3788 4226 Ecclesiae
3825 4181 4024 4224 unam

1946 4281 2187 4346 capam,
2236 4261 2417 4344 cujus
2464 4283 2725 4348 campus
2770 4265 2870 4324 est
2915 4259 3164 4338 viridis,
3213 4263 3486 4326 diversis
3547 4263 3774 4326 bestiis
3817 4263 4028 4326 aureis

1948 4363 2285 4428 intextam.
2380 4361 2681 4426 Contulit
2710 4361 2914 4428 etiam
2959 4365 3222 4442 librum,
3273 4365 3522 4428 dictum
3569 4373 3602 4398 “
3625 4363 4028 4444 Rosarium‚''

1948 4471 2017 4530 et
2064 4467 2283 4530 decem
2322 4467 2539 4544 librae,
2586 4487 2701 4550 pro
2752 4467 3230 4550 comparatione
3275 4465 3614 4548 cujusdam
3657 4467 3826 4544 libri,
3875 4467 4030 4532 dicti

1950 4575 1983 4602 “
2006 4565 2433 4646 Collectarii,”
2476 4589 2591 4652 per
2622 4573 3054 4632 memoratum
3087 4569 3418 4632 Abbatem
3463 4569 3756 4654 profusas
3785 4593 3800 4648 3
3847 4573 3916 4632 et
3945 4571 4030 4634 ad

1950 4693 2111 4756 opus
2158 4671 2421 4736 claustri
2470 4693 2587 4734 sex
2646 4671 2864 4748 libraS,
2919 4671 3260 4736 tresdecim
3311 4671 3566 4748 solidOS,
3617 4675 3686 4738 et
3751 4677 4032 4758 quatuor

1950 4773 2263 4842 denarios,

2038 4877 2353 4962 Magister
2420 4875 2788 4942 Willelmus
2857 4877 3156 4956 Burcote,
3219 4883 3432 4942 rector
3501 4879 3780 4944 ecclesiae
3847 4899 4032 4962 paro-

1950 4979 2179 5044 chialis
2224 4983 2305 5044 de
2364 4979 2575 5044 Parva
2636 4979 2990 5058 waltham,
3043 4979 3148 5044 vir
3193 4981 3324 5066 qui,
3373 4983 3458 5046 ab
3519 4983 3786 5046 ineunte
3831 4987 4032 5046 aetate

1948 5081 2145 5166 huju-s
2216 5083 2601 5148 Monasterii
2662 5089 2980 5170 tanquam
3047 5085 3410 5166 3aluanS‚
3475 5085 3614 5168 ejus
3681 5085 4034 5148 commodis

1952 5187 2591 5268 deservierat-*Qui
2654 5189 2838 5252 dedit
2909 5187 3284 5254 Conventui
3349 5189 3456 5252 die
3533 5211 3662 5274 quo
3735 5193 4034 5272 receptus

2020 5363 2035 5392 ¹
2068 5359 2303 5410 Conventa·
2320 5361 2375 5410 in
2398 5361 2521 5428 orig.
3035 5363 3286 5428 marginal
3329 5369 3462 5424 note,
3507 5363 3654 5412 down
3699 5369 3750 5412 to
3787 5367 3818 5392 “
3847 5361 4036 5412 Christi

2020 5445 2041 5472 2
2062 5447 2095 5472 “
2118 5441 2223 5492 Hic
2262 5443 2377 5504 fuit
2420 5441 2669 5508 Magister
2720 5443 2952 5508 Corporis
3037 5445 3068 5470 “
3099 5441 3472 5508 Cantabriqiae'’
3511 5441 3558 5490 is
3605 5443 3662 5490 in
3713 5441 4034 5508 Archbishop

1956 5529 1989 5554 ‘⁶
2020 5523 2207 5574 Christi
2250 5519 2599 5586 Cantabriyiae‚
2652 5531 2697 5572 et
2732 5531 2952 5572 executor
3015 5523 3266 5572 -Parker's
3287 5521 3644 5586 handwriting.
3711 5523 3800 5570 An
3823 5529 4036 5572 account

1958 5609 1989 5634 ‘⁶
2014 5601 2281 5652 testamenti
2356 5599 2561 5650 Robertz‘
2628 5601 2687 5650 de
2764 5601 2954 5668 Thorpe
3039 5601 3100 5650 of
3113 5601 3338 5652 Richard
3363 5601 3568 5662 Treton,
3607 5601 3796 5652 Master
3827 5601 3888 5650 of
3913 5601 4034 5652 Cor-

1956 5687 1989 5714 “
2014 5685 2187 5748 (prope
2232 5679 2537 5748 Nor-wicum)
2552 5703 2569 5742 ‚-
2602 5685 2689 5748 qui
2710 5681 2954 5732 Rebertus
3037 5697 3130 5748 pus
3165 5681 3356 5734 Christi
3389 5683 3610 5744 college,
3643 5679 3746 5730 will
3781 5683 3844 5730 be
3879 5681 4036 5730 found

1956 5771 1987 5796 ‘⁶
2010 5763 2273 5826 aedificavit
2318 5763 2545 5814 soecellum
2590 5765 2673 5814 ubi
2718 5765 2956 5828 Reyentes
3039 5763 3096 5810 in
3115 5763 3320 5810 Lamb's
3343 5761 3534 5810 edition
3555 5761 3614 5810 of
3629 5759 3888 5810 Masters's
3911 5759 4034 5810 His—

1960 5851 1989 5876 “
2010 5845 2175 5894 sedent
2216 5847 2563 5910 Cantabriyioe,
2586 5853 2645 5894 ut
2662 5847 2715 5894 in
2724 5847 2954 5908 fenestra
3039 5849 3142 5904 tory
3163 5841 3224 5890 of
3249 5841 3354 5888 that
3383 5839 3606 5906 College,
3627 5855 3756 5904 page
3775 5841 3854 5890 37.

1958 5929 1991 5954 “
2016 5927 2171 5974 vitrea
2216 5925 2373 5974 videre
2412 5925 2547 5984 licet3
2584 5933 2631 5974 et
2660 5933 2765 5974 erat
2791 5925 2954 5974 Justi-
3107 5921 3124 5950 ³
3147 5919 3356 5984 alupnus
3379 5919 3432 5968 in
3455 5919 3580 5982 orig.

1960 6009 1993 6032 “
2014 6005 2199 6054 aior-ius
2254 6003 2563 6070 princ-spolie,
2620 6005 2739 6056 etc-‚⁹³
2827 6003 2952 6052 This
