5559 8242
1460 2285 1463 2288 ’
1568 2281 1705 2332 AD.
1734 2283 1875 2328 1265.

1566 2515 1689 2564 Men
1712 2511 1861 2578 spoil-

1566 2577 1877 2700 i}{{h‹}fi{‡¹

1566 2665 1787 2766 2ear‘st.
1862 2685 1877 2706 '

1564 2781 1799 2858 Alban'sz

1566 2865 1651 2898 are
1672 2861 1821 2896 mira-

1568 2915 1795 2976 culously

1560 2981 1825 3046 punished.

1904 2045 1987 2108 22
2236 2085 2247 2096 .
2582 2057 2753 2128 orus
2801 2057 3318 2106 CHRONICORUM.

1904 2259 1953 2326 Ι
1958 2259 2073 2328 llis
2120 2258 2365 2328 diebu&
2412 2267 2745 2328 venerunt
2805 2259 3088 2346 quidam
3149 2259 3534 2328 latrunculi
3597 2261 3690 2326 ad
3737 2259 3992 2328 Gallam

2506 2363 2749 2430 Sancti
2789 2363 3008 2448 Eyidi
3055 2363 3134 2430 de
3163 2365 3382 2428 Βοεσο.

1996 2487 2323 2574 Sequente
2372 2487 2391 2526 ¹
2412 2487 2844 2566 hebdomada,
2885 2487 3026 2574 ipso
3071 2493 3380 2574 tempore,
3429 2493 3758 2552 venerunt
3803 2487 3998 2574 quin-

1904 2589 2223 2676 quaginta
2266 2589 2397 2654 viri
2438 2589 2641 2654 fortes
2688 2593 2757 2652 et
2795 2589 3026 2670 decori,
3071 2589 3308 2676 gladiis
3341 2589 3694 2676 praecincti,
3725 2613 3992 2654 arcuum

1902 2697 1971 2756 et
2038 2691 2433 2778 sagittarum
2498 2693 2826 2778 copiosam
2897 2693 3400 2758 multitudinem
3469 2693 3770 2758 manibus
3845 2717 3994 2780 por-

1900 2799 2137 2858 tantes,
2228 2795 2353 2858 Isti
2396 2793 2683 2858 fastuose
2728 2793 2800 2858 in
2847 2817 3050 2860 manu
3091 2795 3248 2860 forti
3293 2795 3714 2860 intraverunt
3743 2795 3990 2862 Cellam

1902 2897 2503 2962 sanctimonialium
2572 2897 2800 2964 Sancti
2863 2897 3060 2986 Egidi
3115 2899 3196 2976 de
3251 2899 3472 2976 Bosco,
3521 2897 3698 2962 bona
3759 2899 3992 2962 domus

1900 3001 2225 3066 violenter
2270 3003 2687 3088 asportandO,
2752 3007 2824 3068 et
2883 3001 3184 3084 quaedam
3245 3003 3552 3080 enormia,
3607 3007 3688 3066 ut
3731 3001 3996 3080 dicitur,

1900 3103 2213 3168 faciende.
2306 3103 2541 3188 Ibique
2588 3104 2860 3170 consilio
2905 3109 3120 3188 coepto
3167 3105 3326 3188 quid
3371 3103 3680 3182 facerent,
3725 3127 3998 3188 parave-

1900 3211 2061 3270 runt
2104 3229 2191 3282 se,
2222 3211 2289 3270 et
2334 3211 2565 3270 mutuo
2610 3205 3064 3290 loquebantur,
3097 3209 3176 3268 ut
3221 3209 3434 3270 totam
3479 3207 3764 3292 patriam
3807 3207 3994 3270 illam

1898 3309 2449 3396 depraedarentur.
2526 3309 2667 3372 Nec
2698 3331 2898 3386 mora,
2927 3329 3074 3374 cum
3103 3309 3236 3374 iter
3263 3331 3490 3374 versus
3521 3309 3994 3394 Dunstapliam
4079 3373 4086 3378 ,

1900 3413 2287 3498 arriperent,
2318 3411 2505 3476 venit
2550 3411 2820 3496 quidam
2863 3417 3010 3496 post
3053 3415 3312 3498 tergum
3353 3433 3596 3490 eorum,
3627 3411 3996 3476 vociferans

1900 3521 1969 3578 et
2032 3537 2233 3578 cornu
2294 3535 2549 3578 sonans.
2644 3513 2792 3594 Quo
2837 3513 3082 3592 audit0,
3131 3537 3284 3578 mox
3329 3519 3726 3578 concurrunt
3787 3519 3992 3578 cater-

1898 3617 2111 3682 vatim
2142 3615 2347 3680 vicini
2398 3621 2463 3680 et
2508 3619 2653 3682 tota
2688 3615 2918 3702 patria,
2955 3621 3020 3680 et
3061 3617 3140 3680 fit
3189 3637 3538 3682 concursus
3583 3617 3994 3702 populorum,

1898 3719 2305 3784 sciscitantes
2362 3717 2677 3804 quidnam
2740 3723 2914 3784 esset
2971 3717 3350 3782 vociferatio
3409 3719 3540 3794 illa,
3595 3723 3664 3782 et
3731 3717 3994 3784 clamor.

1902 3823 2311 3906 Responsum
2360 3825 2457 3886 est
2504 3823 2587 3886 ab
2632 3821 2747 3886 illo
2795 3821 2908 3908 qui
2961 3843 3068 3886 eos
3125 3823 3662 3908 prosequebatur,
3691 3859 3774 3870 —
3797 3829 3832 3856 “
3867 3821 3992 3888 Isti

1900 3931 1939 3960 ‘⁶
1986 3925 2119 3988 viri
2176 3945 2311 3986 non
2374 3923 2703 3988 modicum
2764 3925 3016 3988 facinus
3085 3927 3154 3988 et
3221 3925 3536 3988 damnum
3615 3923 3998 3988 intulerunt

1904 4035 1941 4060 “
1988 4025 2321 4092 Priorissae
2370 4025 2599 4092 Sancti
2644 4023 2922 4110 Egidii.''

1990 4127 2237 4192 Mirum
2286 4127 2505 4192 dictu!
2552 4127 2854 4192 mirabile
2917 4127 3190 4206 auditu!
3319 4127 3480 4190 Mox
3533 4149 3758 4190 omnes
3805 4125 3992 4212 quasi

1896 4229 2197 4314 elingues
2242 4237 2309 4294 et
2356 4227 2637 4292 inermes
2680 4227 2842 4294 facti
2889 4233 3062 4308 sunt,
3111 4251 3230 4294 nec
3273 4229 3592 4294 inventus
3649 4233 3752 4292 est
3819 4227 3998 4294 solus

1896 4353 1983 4396 ex
2048 4331 2179 4396 illis
2242 4331 2735 4418 quinquaginta,
2801 4331 2914 4416 qui
2975 4353 3242 4396 manum
3307 4331 3552 4416 erigere
3623 4337 3842 4416 posset
3907 4331 3992 4394 ad

1898 4433 2385 4520 evaginandum
2430 4435 2745 4522 gladium,
2787 4455 2904 4498 seu
2945 4435 3028 4500 ad
3069 4457 3292 4500 arcum
3335 4431 3788 4498 2tendendum.
3883 4433 3996 4500 Sic

1810 4579 1817 4590 ·
1896 4537 2295 4622 compescuit
2366 4559 2473 4602 eos
2540 4539 2717 4608 ultio
2768 4537 3014 4616 divina,
3069 4545 3136 4600 et
3189 4537 3260 4600 in
3321 4539 3670 4622 reprobum
3729 4559 3994 4602 sensum

1898 4639 2099 4704 dedit.
2214 4639 2389 4722 Ipsis
2450 4637 2733 4724 denique
2793 4639 2968 4702 inter
3023 4639 3290 4704 frutices
3339 4643 3404 4702 et
3451 4639 3670 4726 fruges
3729 4659 3998 4726 progre-

1896 4743 2251 4820 dientibuS,
2284 4747 2353 4808 et
2396 4763 2463 4806 se
2500 4743 3140 4818 abscondentibus,·a
3171 4743 3468 4806 ruricolis
3513 4743 3776 4826 spoliati
3821 4747 3998 4820 sunt,

1898 4853 1965 4910 et
2024 4845 2379 4908 interfecti.
2492 4845 2779 4924 Quidam
2825 4845 3088 4908 illorum
3131 4867 3246 4930 per
3291 4845 3590 4908 triduum
3635 4865 3704 4908 66
3749 4845 3996 4908 ibidem

1902 4947 2395 5020 abscondebant
2440 4947 2515 5010 in
2560 4945 2824 5032 sepibus
2867 4955 2934 5010 et
2981 4947 3202 5032 spinis,
3321 4947 3640 5028 Quamvis
3685 4947 3780 5010 eis
3825 4951 3994 5012 esset

1900 5049 2255 5140 necessitas
2314 5053 2381 5114 et
2452 5049 2633 5134 copia
2704 5049 3046 5128 evadendi,
3105 5071 3242 5114 non
3289 5053 3388 5114 est
3433 5049 3830 5140 permissum⁴
3883 5049 3998 5124 de-

1900 5173 2137 5236 super3
2204 5151 2319 5238 qui
2384 5155 2607 5216 autem
2652 5173 2788 5214 non
2833 5153 3212 5218 ceciderunt
3257 5153 3494 5238 gladio,
3557 5153 3728 5216 fame
3787 5151 4028 5238 perie-'

1896 5259 2081 5336 runt,
2116 5259 2183 5318 et
2224 5253 2459 5322 inedia.

1976 5471 2329 5538 Dominus
2388 5469 2527 5536 Rex
2590 5469 2960 5538 acclamare
3011 5469 3176 5556 fecit
3229 5493 3470 5560 pacem
3521 5493 3650 5558 per
3709 5477 3920 5538 totam

2772 5573 3128 5658 Anyliam.

1994 5705 2193 5770 Anno
2216 5703 2485 5768 Domini
2518 5705 2864 5768 millesimo
2893 5703 3338 5770 ducentesimo
3371 5703 3770 5790 sexagesimo
3799 5725 3992 5782 non0,

1906 5811 2021 5894 qui
2068 5815 2167 5874 est
2214 5829 2429 5874 annus
2474 5807 2661 5896 regni
2710 5807 2910 5894 Regis
2957 5807 3230 5872 Henrici
3275 5807 3482 5872 Tertii
3535 5807 3998 5894 quinquagesi-
4069 5853 4076 5860 -

1972 6005 1987 6036 ¹
2010 6003 2263 6056 ebdomoda
2284 6005 2339 6056 in
2366 6005 2487 6072 orig.
2927 6003 2938 6074 1
3033 6009 3052 6036 2
3077 6005 3396 6058 tetendendum
3419 6005 3470 6056 in
3495 6009 3620 6076 orig.
