5559 8242
1988 2043 2117 2114 378
2548 2057 2864 2108 muns
2907 2061 3204 2108 HENRIOI
3251 2059 3528 2124 QUARTI,

1652 2259 1789 2310 A.D.
1818 2265 1959 2310 1403.
1986 2245 2207 2332 gladio
2254 2245 2611 2312 devorante
2640 2251 2790 2312 :--“
2819 2243 3056 2322 Nam,”
3101 2245 3426 2330 inquiens„
3475 2245 3608 2310 “in
3651 2245 3904 2310 visione
3925 2247 4080 2328 Dei,

1928 2421 1931 2424 ⁴
1986 2353 2025 2382 “
2068 2349 2229 2430 vidi,
2264 2355 2331 2414 et
2362 2369 2503 2414 ecce
2534 2353 2547 2412 Ξ
2594 2349 2884 2434 angel-ua
2917 2345 3252 2412 vindicem
3297 2351 3630 2412 exsertum
3671 2351 3902 2412 tenens
3947 2349 4084 2434 gla-

1990 2455 2025 2484 “
2072 2451 2257 2518 dium.
2320 2451 2613 2532 ultionis,
2658 2473 2854 2538 super
2897 2453 3148 2514 terram
3193 2455 3486 2516 vestram
3527 2451 3878 2538 apparuit-,3
3949 2471 4082 2514 non
4175 2523 4178 2534 Ι

1990 2559 2027 2590 “
2072 2555 2437 2622 destiturus
2504 2553 2874 2620 vindictam
2937 2541 3208 2632 sumere,
3287 2553 3494 2618 donec
3559 2559 3928 2640 peccatores
3969 2553 4084 2618 wde

1992 2665 2025 2692 “
2068 2661 2245 2722 terra
2290 2661 2605 2734 conterat,
2648 2661 2721 2720 et
2782 2655 3104 2720 scelestos,
3195 2655 3332 2720 Vos
3393 2655 3662 2720 interim
3721 2655 4086 2742 proficisca-

1990 2767 2023 2794 “
2068 2759 2233 2824 mini
2296 2781 2581 2844 peregre,
2662 2759 2866 2824 donec
2943 2757 3386 2844 cognoveritis
3459 2779 3684 2842 pacem
3761 2757 4086 2822 redditam

1988 2869 2025 2898 “
2068 2867 2265 2926 terrae
2294 2867 2551 2928 vestrae.
2640 2859 2816 2940 Quia
2845 2881 2982 2926 non
3013 2859 3084 2924 in
3113 2865 3512 2946 perpetuum
3543 2861 3862 2924 irascetur
3885 2859 4082 2938 Deus

1990 2967 2029 2998 “
2074 2951 2291 3048 neque
2332 2963 2886 3044 comminabitur-3
2945 2963 3062 3028 sed
3121 2983 3272 3026 cum
3323 2963 3532 3028 iratus
3575 2961 3794 3042 fuerit,
3841 2961 4088 3028 miseri-

1990 3069 2029 3100 “
2074 3065 2317 3132 cordiae
2362 3063 2864 3132 recordabitur.”
2957 3063 3072 3128 Illi
3111 3087 3290 3142 vero,
3323 3065 3578 3130 dimissi
3623 3065 3704 3130 ab
3751 3065 4088 3144 heremita,

1990 3167 2269 3250 profecti
2326 3171 2483 3232 sunt
2544 3189 2834 3252 peregre,
2901 3167 3232 3232 reddituri
3285 3171 3446 3232 vota
3497 3189 3634 3246 sua,
3685 3167 4088 3232 destinantes

1988 3267 2245 3334 litteras
2312 3291 2429 3354 per
2496 3271 2816 3354 patriotas
2879 3267 3108 3334 obvios
3155 3269 3382 3334 amicis
3427 3269 3562 3334 suis
3607 3271 3680 3334 in
3725 3269 3958 3354 patria,
4007 3269 4088 3334 de

1606 3363 1619 3380 ⁸
1656 3389 1951 3440 Fulfflment
1992 3369 2295 3436 omnibus
2356 3393 2503 3456 quae
2560 3371 2934 3436 acciderant
2991 3369 3086 3436 eis
3145 3371 3218 3436 in
3275 3373 3400 3436 hae
3449 3371 3580 3436 via.
3691 3371 3834 3436 Nec
3875 3371 4086 3436 multo

1660 3455 1819 3574 ⁰32⁰
1840 3471 1951 3520 9¹⁹⁰*
1990 3479 2139 3556 post
2182 3479 2479 3538 secutum
2524 3471 2655 3538 fuit
2698 3473 2948 3538 bellum
2993 3473 3076 3538 de
3123 3473 3404 3558 Solopia,
3455 3479 3522 3538 et
3559 3473 3854 3538 turbatio
3899 3495 4090 3558 gran—

1656 3539 1691 3588 P
1788 3539 1837 3588 y.
1994 3573 2095 3638 dis
2138 3575 2211 3636 in
2258 3575 2491 3660 patria,
2534 3579 2611 3640 ut
2656 3575 3022 3662 praefertur.

1660 3695 1771 3746 The
2082 3675 2311 3740 Paucis
2378 3677 2607 3742 diebus
2670 3681 2830 3744 ante
2893 3677 3136 3742 Natale
3183 3675 3474 3758 Domini,
3539 3675 3794 3756 Gallici,
3859 3675 4092 3764 stipati

1656 3763 1873 3896 {3332
1994 3779 2015 3816 ¹
2042 3779 2437 3852 bellatorum
2464 3779 2681 3858 turba,
2716 3781 3158 3846 ascenderunt
3201 3783 3452 3846 terram
3503 3781 3576 3846 in
3605 3781 3814 3846 Vecta
3859 3781 4092 3858 insula,

1658 3897 1747 3972 the
1768 3897 1869 3946 Isle
1894 3895 1953 3944 of
1984 3881 2313 3966 jactantes
2356 3903 2423 3946 se
2462 3881 2904 3948 celebraturos
2951 3881 3306 3948 Dominica
3335 3881 3612 3948 Natalia
3643 3883 3714 3944 in
3743 3883 3866 3946 hac
3893 3887 4088 3960 terra,

1658 3963 1867 4080 ἓξὲξ
1878 4035 1971 4092 put
1994 3985 2195 4048 etiam
2262 3983 2477 4050 invito
2538 3985 2735 4070 Rege.
2849 3983 3146 4068 Cumque
3213 3985 3396 4048 mille
3459 3983 3964 4064 subintrassent,
4027 3989 4094 4048 et

1662 4103 1717 4146 to
1738 4095 1901 4160 ssight.
1984 4087 2129 4172 jam
2172 4107 2401 4174 greges
2446 4091 2513 4152 et
2560 4091 2862 4152 armenta
2903 4087 3264 4172 fugassent,
3317 4089 3394 4150 ut
3455 4085 3542 4150 ad
3587 4109 3764 4152 mare
3809 4091 4092 4152 reverte-

1994 4195 2145 4254 rent
2190 4213 2337 4254 cum
2380 4211 2587 4274 parva
2622 4187 2860 4272 praeda,
2925 4189 3434 4274 superveniente
3497 4189 3716 4252 subito
3761 4187 4094 4252 auxiliari-

1996 4313 2185 4356 orum
2226 4291 2427 4374 oopia,
2460 4293 2669 4356 eoacti
2708 4295 2868 4354 sunt
2907 4289 3164 4374 praedas
3201 4289 3554 4366 dimittere,
3587 4297 3654 4356 et
3695 4291 3782 4354 ad
3825 4291 4094 4378 navigia

1996 4395 2317 4470 festinare,
2364 4415 2501 4458 non
2548 4393 2687 4458 sine
2716 4391 3056 4458 dedecore
3107 4393 3480 4478 damnoque
3539 4415 3826 4460 suorum.
3917 4393 4092 4458 Nam

1996 4495 2109 4582 qui
2154 4495 2337 4584 prius
2384 4497 2713 4560 instanter
2758 4497 2842 4560 ab
2889 4495 3122 4560 incolis
3165 4495 3498 4580 petierant
3537 4517 3758 4560 rerum
3803 4495 4098 4578 redemp-

1996 4599 2263 4674 tionem,
2292 4599 2413 4662 vix
2456 4599 2731 4662 evadere
2776 4601 3084 4682 poterant
3129 4597 3462 4682 publicam
3505 4597 4076 4662 interventionem.

1664 4741 1803 4794 A.D.
1832 4741 2011 4794 1404(
2052 4745 2059 4750 ““
2088 4733 2285 4798 Anno
2328 4731 2559 4818 'gratiae
2604 4727 2952 4798 millesimo
3015 4731 3664 4818 quadringentesimo
3729 4737 3980 4818 quartO,
4027 4737 4096 4798 et

1664 4827 1819 4956 ἓξὲξ
1822 4827 1975 4956 6133ss-
2002 4835 2279 4900 Henrici
2322 4835 2539 4920 Regis,
2570 4857 2609 4898 a
2656 4833 3060 4920 Conquaestu
3111 4833 3370 4914 Quarti,
3405 4835 3658 4920 quintO,
3689 4833 3908 4900 tenuit
3955 4835 4098 4898 Rex

1596 4973 1603 4978 *
1668 4959 1945 5010 Christmas
2004 4937 2267 5012 Natale‚
2296 4959 2445 5002 cum
2490 4959 2665 5002 nova
2694 4935 2970 5022 Regina,
3019 4937 3198 5022 apud
3245 4937 3724 5002 Monasterium
3755 4937 3836 5002 de
3867 4939 4100 5022 Abyn-

1670 5033 1723 5076 a*
1744 5025 1947 5092 Abing-
2008 5039 2195 5104 dona,
2226 5097 2229 5100 ,

1668 5095 1783 5142 don.

1668 5167 1721 5216 A
1750 5167 1951 5216 Parlia-
2098 5143 2255 5208 Post
2302 5139 2589 5206 Octavas
2634 5141 3044 5226 Epiphaniae,
3085 5141 3222 5208 fuit
3267 5141 3648 5208 inchoatum
3695 5141 4098 5206 Parliamen-

1666 5235 1909 5350 fffflfjf
2008 5249 2155 5310 tum
2212 5243 2587 5322 LondoniiS,
2644 5245 2719 5308 in
2764 5265 2894 5328 quo
2945 5243 3136 5328 plura
3183 5244 3404 5310 locuta
3451 5249 3624 5320 sunt,
3669 5265 3878 5328 pauca
3919 5245 4098 5308 fuere

1674 5367 1857 5428 weeks,
1882 5371 1933 5414 at
2008 5351 2265 5412 statuta
2308 5367 2425 5430 pro
2454 5347 2788 5412 communi
2825 5347 3180 5424 commode,
3213 5347 3372 5412 licet
3401 5369 3518 5432 per
3549 5347 3892 5412 duodecim
3939 5347 4100 5410 heb-

1668 5431 1899 5482 London.
2008 5449 2315 5514 domadas
2346 5451 2781 5534 perdurasset.
2845 5449 2930 5512 In
2959 5449 3082 5514 hoc
3101 5449 3566 5526 ParliamentO,
3593 5451 3826 5514 Comes
3849 5449 4100 5514 North-

2004 5553 2281 5616 umbriae
2338 5549 2365 5586 2
2382 5551 2737 5616 restitutus
2797 5555 2896 5616 est
2957 5551 3272 5636 dignitati
3319 5553 3632 5636 pristinae,
3683 5557 3752 5616 et
3799 5549 4100 5616 omnibus

1672 5663 1781 5714 The
1794 5663 1913 5712 Earl
1928 5663 1987 5712 of
2004 5653 2193 5718 bonis
2240 5653 2395 5732 suis,
2440 5653 2794 5718 mobilibus
2843 5657 2908 5718 et
2951 5653 3444 5736 immobilibus,
3503 5661 3584 5720 ut
3641 5655 3886 5720 eisdem
3943 5671 4102 5740 gau-

1666 5727 1945 5844 ξθῗῖζῗέζ
2004 5757 2155 5820 deat
2224 5757 2297 5818 in
2356 5759 2769 5840 perpetuum,
2819 5761 2886 5820 et
2945 5755 3236 5820 haeredes
3299 5757 3416 5820 sui.
3541 5757 3632 5820 Et
3685 5761 3910 5820 tamen
3955 5777 4100 5840 quae

2072 5979 2087 6006 ¹
2112 5977 2335 6028 bellorum
2356 5977 2411 6024 in
2432 5977 2559 6042 orig.
3039 5975 3050 6042 1
3143 5979 3162 6006 2
3179 5977 3374 6026 restitus
3397 5979 3450 6026 in
3473 5977 3602 6040 orig.

4345 6437 4348 6440 ’
4345 6261 4362 6416 ’κω-,κὴ
4359 6235 4362 6240 .
