5559 8242
1636 2255 1771 2310 A.D.
1800 2259 1939 2306 1314.

1636 2349 1747 2400 The
1768 2351 1906 2414 Eng-

1638 2417 1741 2466 lish
1764 2433 1845 2466 are

1966 2041 2053 2106 84,
2524 2063 2870 2112 ,IOHANNIS
2915 2063 3006 2112 DE
3051 2063 3474 2118 TROKELowE

2060 2247 2359 2316 Crastino
2404 2253 2511 2316 die
2542 2251 2954 2330 adveniente,
2981 2255 3260 2336 uterque
3293 2251 3614 2316 exercitus
3645 2251 3728 2316 ad
3757 2271 4046 2336 pugnam

1968 2367 2035 2412 se
2080 2353 2377 2436 parabat,
2422 2357 2491 2418 et
2532 2353 2701 2416 circa
2740 2353 2970 2418 horam
3005 2355 3134 2420 diei
3181 2353 3446 2418 tertiam
3491 2353 3660 2418 acies
3707 2347 4048 2436 utriusque

1640 2487 1865 2536 defeated
1892 2491 1943 2536 a„
1966 2455 2191 2536 partis,
2236 2455 2363 2518 sibi
2398 2453 2685 2518 invicem
2716 2455 3336 2542 appropinquantes,
3367 2453 3778 2520 formidabile
3809 2461 4052 2540 specta-

1636 2553 1909 2602 Bannock-

1636 2619 1779 2670 burn.

1968 2557 2185 2620 culum
2226 2557 2641 2624 intuentibus
2674 2559 3128 2624 ostendebant.
3221 2557 3504 2644 Clangor
3531 2559 3710 2622 enim
3741 2557 4052 2622 tubarum

1972 2671 2037 2724 et
2066 2661 2397 2740 lituorum,
2428 2661 2731 2724 hinnitus
2770 2681 3102 2748 equorum,
3133 2661 3340 2726 motio
3367 2661 3782 2738 vexillorum,
3813 2661 4056 2724 clamor

1972 2763 2479 2844 exhortantium,
2512 2763 2623 2850 qui
2652 2763 2727 2826 in
2768 2785 2992 2828 eorum
3037 2785 3382 2850 congressu
3413 2763 3828 2842 resonabant,
3861 2763 4056 2828 corda

1970 2859 2279 2952 poterant
2324 2867 2633 2932 terruisse
2680 2867 3270 2952 magnanimorum.
3363 2865 3578 2932 Duces
3625 2885 3782 2930 vero
3811 2863 4058 2952 Anglo-

1972 2991 2119 3034 rum
2164 2969 2415 3054 pedites
2462 2991 2611 3036 cum
2656 2969 2934 3034 arcubus
2979 2975 3046 3034 et
3093 2971 3336 3034 lanceis
3377 2969 3452 3032 in
3481 2969 3694 3054 prima
3725 2967 3860 3032 acie
3891 2991 4060 3036 com-

1970 3079 2267 3158 ponunt;
2328 3073 2599 3158 equiteS,
2642 3073 2876 3136 divisis
2923 3071 3056 3148 alis,
3095 3077 3268 3136 retro
3315 3073 3748 3136 constituunt.
3843 3071 4058 3138 Duces

1968 3181 2191 3240 autem
2236 3175 2597 3252 Scotorum,
2630 3195 2743 3258 per
2787 3179 3040 3238 turmas
3087 3195 3238 3238 suas
3283 3173 3676 3250 incedentes,
3707 3173 4064 3240 exhortan-

1968 3285 2101 3354 tur,
2146 3283 2223 3342 ut
2268 3297 2383 3362 pro
2430 3299 2549 3340 sua
2602 3281 2667 3340 et
2718 3297 3002 3340 uxorum
3065 3297 3348 3354 suarum,
3395 3275 3750 3342 liberorum
3797 3299 3870 3342 ac
3915 3299 4060 3364 pos-

1972 3381 2331 3444 sessionum
2376 3399 2657 3456 suarum,
2708 3379 3098 3456 defensione,
3131 3385 3460 3444 certamen
3507 3381 3736 3442 ineant
3773 3381 4062 3462 justissi-

1972 3505 2169 3558 mum,
2200 3483 2549 3546 victoriam
2596 3481 2711 3562 eis,
2756 3481 2986 3546 divino
3035 3481 3440 3568 suffragante
3485 3483 3754 3562 auxilio,
3785 3483 4062 3548 firmiter

1972 3587 2445 3672 promittentes.
2542 3583 2653 3648 Illi
2718 3607 2890 3664 vero,
2955 3583 3330 3650 audaciores
3395 3585 3632 3664 effecti,
3697 3585 4060 3650 adventum

1972 3689 2337 3774 Anglorum
2382 3687 2697 3772 intrepidi
2744 3687 3200 3774 expectabant,
3245 3687 3466 3774 parati
3509 3709 3628 3774 pro
3673 3709 3810 3752 suae
3853 3689 4060 3774 partis

1972 3789 2341 3854 defensione
2386 3795 2761 3852 constanter
2803 3789 3026 3854 vivere
3065 3789 3176 3854 vel
3217 3789 3398 3866 mori,
3433 3789 3696 3854 vincere
3725 3789 3838 3854 vel
3867 3789 4060 3870 vinci,

1974 3897 2251 3956 mortem
2320 3913 2507 3956 suam
2552 3893 2625 3954 in
2684 3893 2806 3958 hoc
2867 3915 3020 3958 casu
3079 3897 3462 3978 reputantes
3523 3893 3938 3978 martyrium,
3995 3901 4062 3958 et

1976 3994 2251 4058 vulnera
2312 3993 2761 4062 salvationem.
2857 3993 2964 4056 Ex
3009 3999 3194 4080 parte
3241 4015 3468 4058 eorum
3531 4017 3752 4058 omnes
3811 3993 4064 4080 pedites

1972 4103 2201 4164 erant:
2250 4095 2381 4160 viri
2414 4095 2681 4180 quidem
2712 4095 2920 4174 electi,
2953 4095 3232 4160 animosi
3263 4095 3476 4174 valde,
3525 4095 3854 4162 securibus
3901 4119 4064 4184 prae-

1972 4199 2181 4264 acutis
2228 4197 2607 4284 caeterisque
2640 4197 2840 4262 armis
2869 4197 3452 4286 bellicisffdecenter
3483 4199 3884 4274 communiti,
3917 4221 4064 4264 con-

1972 4309 2147 4366 serta
2188 4307 2343 4366 ante
2404 4323 2471 4364 se
2520 4299 2539 4336 ²
2562 4305 2894 4366 scutorum
2947 4301 3382 4388 spissitudine,
3437 4323 3716 4366 cuneum
3777 4303 4064 4386 impene-

1972 4403 2275 4468 trabilem
2332 4407 2721 4468 statuerunt.
2817 4403 3038 4486 Equos
3091 4425 3242 4470 suos
3295 4403 3560 4494 penitus
3621 4403 4064 4482 dimittebant,

1972 4507 2347 4592 periculum,
2398 4507 2573 4590 quod
2620 4507 2713 4572 eis
2754 4509 2830 4572 in
2875 4507 3044 4572 bello
3097 4507 3278 4594 apud
3333 4505 3674 4572 Faukirke
3725 4509 4064 4572 commisso

1974 4609 2169 4674 semel
2230 4607 2567 4686 acciderat,
2632 4611 2996 4690 evitantes3
3051 4611 3184 4686 ubi,
3235 4609 3378 4674 visa
3437 4609 3868 4674 multitudine
3927 4611 4064 4672 An-

1976 4711 2231 4798 glorum
2278 4715 2417 4776 tam
2464 4713 2816 4800 composite
2863 4711 3378 4790 advenientium,
3421 4713 3674 4796 equites
3719 4711 4064 4776 Scotorum

1972 4815 2195 4902 fugam
2240 4815 2551 4894 inierunt,
2592 4819 2659 4878 et
2706 4815 2956 4904 pedites
2999 4815 3072 4878 in
3115 4837 3344 4900 campo
3389 4815 3740 4880 morituros
3785 4815 4064 4900 relique-

1974 4925 2147 4990 runt.
2202 4983 2209 4988 ,

2068 5019 2397 5084 Robertus
2446 5039 2599 5084 vero
2644 5019 2707 5084 le
2754 5019 2960 5096 Brois,
2995 5019 3108 5102 qui
3153 5041 3220 5084 se
3267 5019 3514 5106 Regem
3561 5019 3798 5084 Scotiae
3839 5019 4064 5084 clami-

1974 5123 2179 5200 tabat,
2242 5121 2457 5208 pedeS,
2522 5145 2669 5188 cum
2734 5123 2868 5186 suis
2933 5121 3356 5200 consortibus,
3423 5121 3642 5186 totu'm
3707 5123 4064 5186 exercitum

1976 5247 2167 5290 suum
2210 5225 2643 5310 praecedebat,
2688 5233 2765 5290 ut
2813 5225 2920 5300 sic,
2953 5225 3242 5310 periculo
3289 5223 3466 5288 inter
3511 5225 3790 5308 majores
3837 5231 3902 5288 et
3947 5229 4068 5290 mi-

1976 5349 2167 5392 nores
2220 5333 2575 5412 coaequato,
2622 5349 2812 5392 nemo
2875 5327 2954 5392 de
3005 5327 3164 5412 fuga
3227 5327 3560 5412 cogitaret.
3655 5327 3852 5392 Stant
3911 5329 4066 5394 hinc

1976 5435 2313 5516 magnates
2344 5431 2621 5518 Angliae,
2654 5451 2800 5496 cum
2847 5431 2980 5494 suis
3023 5431 3260 5494 turmis
3307 5431 3534 5498 Scotos
3563 5431 3824 5496 fortiter
3869 5429 3894 5466 2
3911 5433 4068 5496 insi-

1976 5533 2229 5598 lientes.
2322 5533 2523 5598 Stant
2584 5531 2737 5596 inde
2789 5531 2984 5598 duces
3029 5531 3394 5612 Scotorum,
3443 5553 3580 5598 sese
3629 5533 3912 5598 viriliter
3959 5533 4066 5598 de—

1974 5635 2335 5700 fendentes
2428 5635 2517 5700 Et
2548 5633 3010 5702 collidentibus
3053 5637 3138 5700 ad
3183 5637 3466 5716 invicem
3491 5637 3792 5712 catervis,
3823 5637 4068 5700 bellum

1976 5737 2501 5802 cruentissimum
2548 5739 3026 5802 commiserunt.
3131 5737 3380 5824 Fragor
3425 5739 3820 5818 lancearum,
3857 5739 4066 5802 tinni-

2040 5943 2055 5972 1
2078 5949 2377 5990 scuturorum
2418 5941 2473 5990 in
2518 5941 2661 6006 orig„
2710 5943 2777 6006 by
2825 5943 2968 5994 inad·
3119 5943 3140 5972 ²
3165 5941 3410 5994 insilentes
3429 5943 3486 5992 in
3509 5943 3636 6008 orig.

1974 6029 2221 6072 vertence.

4321 6117 4328 6166 ...w
4323 5921 4342 6098 ...m-m,
4325 5784 4336 5904 ...-...
4325 5374 4342 5759 yma-...m
4335 5325 4346 5350 ,
4331 4804 4346 5300 *m„
4337 4609 4356 4776 ,μ-.
4337 4265 4348 4592 -Μ,
