5559 8242
1882 2033 1977 2092 ⁴38
2572 2045 2745 2094 orus
2795 2047 3312 2100 CHRONIOORUM.

1558 2241 1695 2294 A.D.
1726 2247 1867 2298 1274·
1896 2253 2119 2298 66111111
2152 2233 2465 2298 beneficio
2494 2237 2769 2318 repente
2807 2231 3368 2298 destituebantur.-
3441 2229 3730 2296 Duravit
3761 2235 3984 2294 autem

1900 2335 2143 2422 viginti
2188 2343 2331 2398 octo
2380 2337 2569 2398 annis
2616 2333 3044 2418 sequentibus
3087 2333 3204 2398 1116
3245 2335 3466 2418 pestis,
3509 2339 3584 2398 ut
3627 2333 3810 2398 nulla
3853 2355 3986 2398 om-

1898 2439 2059 2502 nino
2102 2435 2309 2502 totius
2356 2439 2545 2522 regni
2572 2437 2751 2516 villa,
2785 2437 2984 2520 hujus
3031 2437 3312 2502 miseriae
3357 2437 3688 2514 immunis,
3719 2437 3992 2502 alterius

1894 2539 2305 2604 incommoda
2332 2541 2543 2604 ridere
2572 2545 2810 2624 posset.
2881 2539 3168 2620 Quidam
3197 2545 3568 2626 praepotens
3599 2539 3678 2604 de
3711 2539 3986 2604 Francia

1894 2641 2211 2728 applicuit
2266 2639 2339 2706 in
2400 2637 2467 2706 N
2470 2643 2936 2722 orhumbriam,
2985 2643 3316 2708 adducens
3375 2665 3592 2708 secum
3653 2643 3980 2730 quandam

1896 2767 2085 2808 ovem
2142 2743 2161 2778 ¹
2188 2745 2527 2830 Hispaniae
2570 2745 2954 2824 morbidam,
3017 2767 3166 2832 quae
3225 2751 3444 2810 totum
3503 2767 3772 2832 gregem
3837 2745 3980 2808 An·-

1892 2847 2045 2934 gliae
2090 2847 2581 2912 contaminavit.
2674 2847 2840 2914 Erat
2881 2847 3056 2912 enim
3101 2849 3184 2912 ad
3227 2847 3670 2934 quantitatem
3711 2847 3976 2914 bubulci

1892 2949 2169 3016 bimalis

1898 3225 2209 3310 Qualiter
2234 3225 2393 3300 ,Rem
2434 3225 2693 3292 vocavit
2740 3223 3188 3304 2Neulinum,
3235 3225 3638 3316 Principem
3697 3223 3972 3302 Wallicc,

2464 3327 2559 3394 ad
2602 3327 3130 3394 Parlamentum
3173 3351 3398 3396 suum.

1554 3471 1827 3550 Llewelyn,
1976 3471 2227 3534 Eodem
2302 3475 2607 3556 tempore,
2686 3471 2846 3534 dum
2921 3471 3338 3536 Parlamento
3405 3469 3656 3534 indicto
3717 3491 3972 3534 necnon

1552 3539 1739 3664 ξῖζῗὲξ,
1760 3541 1839 3654 (ἐξ-
1886 3573 2157 3638 Statuta
2224 3573 2515 3638 salubria
2580 3573 3150 3638 Westmonasterii
3213 3571 3734 3658 providerentur,
3791 3573 3974 3636 misit

1552 3673 1861 3788 ξὲἓῗὲἓΐῆῒ·
1886 3677 2035 3740 Rex
2098 3699 2215 3762 per
2284 3669 2599 3742 solemnes
2666 3675 2940 3742 nuncios
3005 3675 3092 3740 ad
3149 3675 3220 3738 N
3223 3675 3530 3754 611111111111,
3601 3675 3972 3762 Principem

1552 3804 1775 3856 liament.
1884 3777 2159 3856 Walliae,
2222 3783 2301 3840 ut
2370 3779 2627 3844 veniret
2692 3779 2777 3846 ad
2841 3779 3334 3844 Parlamentum
3401 3799 3610 3852 suum,
3657 3785 3724 3842 et
3793 3777 3968 3862 quod

1882 3881 2123 3946 faceret
2170 3881 2249 3960 ei,
2296 3883 2655 3946 secundum
2706 3881 3272 3960 consuetudinem,
3327 3879 3700 3968 legitimum
3747 3881 3972 3946 homa-

1882 3987 2109 4072 gium:
2158 3985 2267 4070 qui
2312 3985 2537 4050 venire
2598 3987 3004 4070 contempsit.
3099 3985 3344 4050 Statim
3387 3985 3554 4058 Rex,
3609 3991 3968 4048 commotus

1880 4089 1951 4152 in
2014 4089 2181 4152 iram
2250 4093 2511 4172 propter
2574 4089 2713 4172 ejus
2782 4093 3230 4174 contemptum
3299 4093 3368 4152 et
3433 4087 3968 4164 inobedientiam,

1882 4189 2147 4254 consilio
2192 4191 2517 4276 Barnagii,
2546 4213 2683 4254 non
2728 4191 2930 4254 inerti
2973 4191 2998 4228 3
3019 4195 3340 4276 apparatu
3383 4191 3644 4254 secessit
3683 4189 3748 4254 in
3787 4189 3966 4254 Wal-

1880 4293 2053 4356 liam.
2144 4293 2479 4358 Walenses
2540 4299 2786 4380 autem,
2837 4293 3034 4378 Regis
3097 4293 3458 4356 adventum
3519 4291 3964 4370 formidanteS,

1880 4395 2223 4482 opinantes
2296 4417 2365 4462 se
2436 4395 2569 4460 levi
2642 4395 2906 4482 negotio
2981 4395 3064 4460 ab
3143 4395 3434 4460 exercitu
3509 4395 3706 4482 Regis
3779 4415 3964 4482 posse

1546 4523 1685 4588 King
1878 4499 2353 4578 circumveniri,
2402 4505 2591 4586 terga
2632 4503 2996 4564 verterunt.
3087 4499 3378 4564 Tandem
3411 4497 3650 4562 Wallia
3695 4497 3966 4564 circum·-

1544 4591 1759 4706 {3223}
1878 4607 2079 4664 venta
2126 4607 2193 4666 et
2236 4601 2509 4678 obsessa,
2542 4601 2864 4666 Dominus
2905 4603 3050 4666 Rex
3091 4603 3332 4688 absque
3371 4599 3754 4664 difficultate
3785 4601 3962 4688 apud

1542 4723 1611 4770 W
1614 4725 1727 4772 ales.
1880 4701 2309 4768 Snoudunam
2372 4705 2711 4790 pervenit3
2780 4725 2908 4790 quo
2945 4701 3198 4768 'audito
3265 4703 3574 4780 Neulino,
3623 4703 3782 4788 ipse,
3835 4703 3962 4768 sibi

1544 4791 1717 4920 (ῥέξ’)
1868 4795 2135 4884 timens,
2202 4807 2289 4870 ad
2352 4805 2597 4894 Regem
2664 4811 2896 4892 sponte
2965 4807 3188 4872 venire
3251 4797 3630 4884 maturavit,
3705 4829 3956 4872 necnon

1678 4895 1687 4906 ’
1874 4911 2075 4994 regiae
2120 4909 2147 4944 4
2166 4909 2529 4992 majestatis
2574 4909 2888 4974 offensam
2931 4911 3206 4996 placare,
3237 4911 3600 4996 pollicendo
3647 4933 3714 4974 se
3757 4911 3958 4974 etiam

1876 4997 2165 5076 Statuta'
2194 5013 2413 5076 omnia
2456 5013 2707 5076 firmius
2748 5017 2816 5076 et
2861 5011 3122 5076 fidelius
3155 5019 3618 5094 servaturum3
3665 5019 3730 5078 et
3777 5013 3962 5078 addi-

1876 5115 1993 5196 dit,
2012 5151 2099 5164 —-·
2122 5121 2159 5148 “
2182 5115 2357 5192 Quid
2426 5115 2603 5180 enim
2668 5113 2914 5178 attinet
2981 5117 3210 5178 contra
3269 5121 3632 5180 torrentem
3691 5117 3962 5182 brachia

1538 5235 1799 5298 Llewelyn
1872 5225 1905 5252 “
1948 5201 2269 5280 tendere?
2388 5217 2635 5282 Contra
2710 5217 3050 5280 stimulum
3141 5217 3524 5282 calcitrare?
3643 5217 3734 5280 Et
3809 5241 3956 5284 cum

1534 5303 1757 5430 {²325OE
1876 5325 1913 5354 “
1958 5319 2291 5382 laboribus
2356 5319 2621 5382 nonnisi
2684 5319 2908 5384 odium
2969 5341 3272 5404 quaerere,
3335 5325 3648 5386 extremae
3709 5321 3812 5402 sit,
3875 5325 3958 5386 ut

1540 5433 1703 5496 (AD.
1876 5431 1911 5456 “
1956 5421 2227 5508 quidam
2290 5421 2403 5500 ait,
2480 5419 2882 5486 dementiae.''
2987 5421 3248 5488 Talibus
3313 5423 3850 5508 promissionibus
3915 5447 3956 5488 a

1542 5505 1711 5566 ¹2⁷²)
1870 5525 2163 5590 Neulino
2222 5525 2545 5612 pollicitis,
2614 5527 2826 5610 sopita
2887 5533 2986 5592 est
3055 5527 3250 5612 Regis
3307 5525 3692 5612 indignatio.
3793 5527 3954 5592 Mox

1868 5629 2191 5694 Dominus
2264 5631 2411 5694 Rex
2478 5631 2759 5694 adduxit
2833 5653 2982 5694 eum
3047 5629 3452 5694 Londoniis:
3519 5627 3616 5692 ibi
3683 5627 3836 5694 fecit
3897 5631 3956 5692 ei

1928 5913 1947 5944 ²
1962 5915 2239 5982 Hisspanie
2258 5915 2311 5964 in
2336 5917 2461 5980 orig.
3013 5915 3032 5942 ³
3055 5919 3268 5978 aparatu
3293 5913 3350 5974 in
3373 5911 3498 5976 orig.

1928 5997 1945 6026 ²
1968 5997 2057 6046 An
2080 6011 2217 6044 error
2238 5997 2317 6044 for
2338 5993 2605 6044 Leulinum.
3017 5997 3032 6024 ⁴
3057 5995 3330 6056 mayestatz's
3351 5991 3406 6042 in
3431 5992 3556 6056 orig.
