5559 8242
2392 2077 2591 2126 1111616
2636 2073 2928 2126 ANGLIAE.
3147 2081 3150 2084 ·
3577 2065 3702 2134 271

1630 2263 1837 2328 solum
1882 2281 2173 2348 personae
2236 2283 2385 2340 suae,
2432 2263 2545 2326 sed
2608 2263 2812 2326 etiam
2877 2259 3084 2323 totius
3145 2263 3348 2348 regni,
3395 2265 3460 2328 et
3503 2265 3710 2352 potis·
3731 2273 4040 2332 A.D.1399.'

1626 2365 1783 2430 sime
1846 2363 2021 2452 apud
2082 2367 2425 2430 extraneos
2488 2365 2695 2430 totius
2764 2361 2938 2426 orbis
3005 2361 3160 2426 inde
3225 2367 3534 2430 notitiam
3599 2369 3710 2432 ob-
3733 2367 4034 2488 sslggffisiof

1624 2469 1925 2533 tinentes.
3735 2505 3932 2568 against

1714 2569 1903 2646 Item,
1972 2569 2123 2634 licet
2200 2573 2393 2634 terrae
2468 2575 2533 2634 et
2606 2575 2996 2648 136116111611136,
3071 2571 3246 2634 bona
3319 2573 3388 2634 et
3455 2571 3704 2652 catalla,
3733 2567 3876 2646 Kffng

1624 2673 2059 2760 cujuscunque
2104 2673 2295 2736 liberi
2336 2673 2635 2752 hominis,
2668 2695 2786 2760 per
2829 2673 3002 2760 leges
3047 2673 3230 2758 regni
3275 2673 3358 2736 ab
3405 2673 3706 2742 omnibus
3731 2635 3968 2688 Rmhaxd.

1622 2775 1957 2838 retroactis
2020 2775 2421 2862 temporibus
2484 2775 2777 2852 usitataS,
2825 2775 2966 2862 capi
3017 2797 3152 2840 non
3215 2775 3512 2856 debeant,
3577 2775 3704 2840 nisi

1620 2877 1879 2942 fuerint·
1928 2875 2275 2954 forisfacta,
2346 2875 2767 2940 nihilominus
2835 2877 3050 2940 dictus
3113 2879 3272 2956 Rex,
3341 2897 3706 2964 proponens

1620 2985 1687 3044 et
1760 2983 2059 3064 satagens
2136 2979 2309 3066 leges
2372 2979 2747 3064 hujusmodi
2825 3001 3150 3060 enervare,
3227 2979 3296 3042 in
3359 2981 3704 3064 praesentia

1620 3081 2105 3168 quamplurium
2150 3081 2561 3144 dominorum
2614 3085 2691 3144 ‘et
2752 3079 3032 3144 aliorum
3091 3081 3172 3146 de
3235 3083 3702 3148 communitate

1618 3183 1805 3268 regni
1852 3179 2015 3260 1sui,
2062 3183 2433 3268 frequenter
2478 3183 2653 3246 dixit
2698 3183 2860 3268 2[et]
2911 3183 3280 3262 affirmavit,
3327 3187 3502 3268 quod
3559 3187 3704 3252 vita

1618 3285 2053 3370 cujuscunque
2098 3285 2253 3370 ligei
2300 3285 2415 3364 sui,
2446 3305 2521 3350 ac
2566 3285 2769 3372 ipsius
2821 3292 3032 3362 terrae,
3071 3289 3460 3366 tenementa,
3507 3287 3698 3366 bona,

1618 3393 1683 3452 et
1748 3387 1999 3468 catalla,
2066 3391 2219 3450 sunt
2282 3409 2413 3464 sua,
2476 3387 2563 3450 ad
2638 3387 3068 3468 voluntatem,
3139 3387 3426 3474 ³absque
3483 3387 3704 3474 aliqua

1614 3489 2035 3554 forisfactura.
2128 3489 2321 3568 Quod
2374 3495 2471 3554 est
2522 3489 2790 3556 omnino
2841 3495 3068 3554 contra
3111 3491 3284 3576 leges
3323 3497 3392 3556 et
3437 3513 3704 3556 consue-

1614 3591 1875 3656 tudines
1918 3593 2105 3678 regni
2148 3593 2265 3656 sui.

1702 3693 1895 3774 Item,
1972 3693 2271 3780 quamvis
2350 3697 2679 3758 statutum
2748 3693 2964 3772 fuerit,
3041 3697 3106 3756 613
3183 3693 3578 3770 ordinatum,
3623 3717 3698 3760 ac

1614 3795 1811 3860 etiam
1870 3795 2185 3860 hactenus
2246 3795 2721 3874 confirmatum,
2772 3795 2950 3880 quod
2993 3795 3212 3858 nullus
3279 3795 3446 3860 liber
3505 3797 3698 3860 homo

1612 3897 1907 3984 capiatur
1970 3904 2101 3974 ete„
2158 3917 2277 3960 1166
2338 3897 2513 3982 quod
2576 3897 2796 3982 aliquo
2859 3897 3052 3962 modo
3121 3897 3510 3978 destruatur,
3565 3893 3698 3964 ‘nec

1612 3999 1785 4084 quod
1834 3999 1979 4062 Rex
2022 4021 2217 4084 super
2262 4021 2409 4064 eum
2454 3999 2599 4074 ibit,
2648 4019 2769 4064 nec
2831 4021 3024 4084 super
3083 4023 3230 4064 eum
3275 3999 3518 4078 mittet,
3565 4001 3694 4064 nisi

1610 4125 1723 4188 per
1750 4103 1957 4188 legale
1980 4101 2305 4186 judicium
2334 4103 2593 4188 parium
2626 4125 2908 4182 suorum,
2941 4101 3048 4166 vel
3091 4125 3210 4188 per
3245 4101 3452 4188 legem
3481 4107 3690 4182 terrae,

1610 4209 1831 4268 tamen
1902 4205 1987 4268 de
2052 4205 2419 4284 voluntate,
2482 4205 2814 4284 mandatO,
2891 4209 2956 4270 et
3025 4203 3450 4284 ordinatione,
3527 4203 3690 4268 dicti

1608 4305 1821 4392 Regis,
1876 4307 2291 4392 quamplures
2340 4305 2659 4392 ligeorum
2706 4329 2990 4384 suorum,
3039 4307 3362 4372 malitiose
3407 4305 3692 4372 accusati

1606 4431 1797 4496 super
1840 4431 1915 4472 60
1978 4409 2153 4494 quod
2212 4407 2589 4474 debuissent
2656 4409 2908 4494 aliquid
2975 4409 3218 4476 dixisse
3285 4409 3542 4496 publice
3587 4409 3694 4472 vel

1606 4511 1867 4588 occulte,
1914 4511 2089 4596 quod
2136 4511 2359 4576 cedere
2402 4513 2649 4596 poterit
2692 4513 2779 4576 ad
2829 4511 3246 4596 vituperium,
3301 4511 3688 4588 scandalum,

1604 4637 1717 4678 seu
1762 4615 2059 4690 dedecus,
2116 4635 2409 4700 personae
2478 4613 2749 4676 Domini
2813 4613 3026 4698 Regis
3075 4613 3336 4678 fuerant
3403 4615 3578 4700 capti
3623 4617 3690 4678 et

1602 4715 2029 4800 imprisonati,
2062 4719 2127 4778 et
2176 4715 2357 4780 (1116131
2404 4737 2617 4778 coram
2650 4715 3150 4780 Constabulario
3197 4721 3264 4780 et
3305 4715 3688 4782 Marescallo

1600 4819 1877 4904 Angliae,
1924 4819 1997 4882 in
2040 4817 2221 4882 curia
2272 4815 2545 4880 militari
2574 4841 2591 4896 3
2640 4817 2713 4882 in
2758 4839 2888 4900 qua
2933 4819 3114 4880 curia
3159 4817 3322 4880 dicti
3365 4817 3536 4902 ligei,
3583 4841 3688 4880 ac-

1602 4919 1825 4998 cusati,
1872 4921 1957 4984 ad
2002 4919 2185 4982 aliud
2248 4941 2629 5004 responsum
2688 4917 2954 4982 admitti
3011 4941 3144 4982 non
3187 4923 3512 5004 poterant,
3557 4919 3688 4984 nisi

1600 5021 1673 5086 in
1702 5021 2151 5108 respondendo
2198 5043 2265 5086 se
2296 5023 2365 5086 in
2398 5023 2581 5088 nullo
2626 5021 2761 5086 fore
2807 5021 3176 5108 culpabileS,
3209 5025 3276 5086 et
3301 5043 3418 5108 per
3463 5043 3684 5088 eorum

1604 5145 1883 5212 corpora,
1930 5132 1997 5189 et
2056 5147 2191 5190 non
2248 5125 2455 5204 aliter,
2512 5147 2581 5190 66
2638 5125 3078 5210 justificarent
3125 5127 3192 5190 et
3253 5123 3684 5202 defenderent,

1600 5247 1733 5290 non
1780 5227 2101 5306 obstante,
2146 5227 2323 5312 quod
2382 5231 2783 5294 accusatores
2843 5233 2910 5292 et
2971 5227 3400 5316 appellatores
3461 5247 3680 5292 eorum

1600 5333 1815 5394 essent
1870 5329 2149 5412 juvenes
2216 5329 2415 5392 fortes
2474 5335 2541 5394 et
2602 5331 2761 5406 sani,
2837 5335 2904 5394 et
2967 5329 3068 5392 illi
3143 5329 3426 5394 accusati
3501 5349 3680 5394 senes

1598 5435 1665 5496 et
1724 5433 2133 5518 impotentes
2182 5429 2491 5508 mutilati,
2548 5433 2655 5494 vel
2698 5431 2988 5510 infirmi3
3047 5431 3222 5494 unde
3275 5453 3408 5496 non
3471 5431 3680 5496 solum

1598 5533 1953 5598 destructio
2014 5533 2423 5598 dominorum
2488 5539 2555 5598 et
2620 5537 3006 5618 magnatum
3065 5533 3270 5620 regni,
3317 5533 3432 5598 sed
3477 5533 3678 5598 etiam

1664 5837 1675 5866 ¹
1708 5837 1933 5888 Omitted
1956 5837 2011 5886 in
2032 5835 2275 5888 Faustina
2308 5837 2369 5890 B..
2392 5837 2465 5892 iX.
2488 5839 2589 5886 and
2678 5835 2918 5886 Faustina
2937 5837 2996 5886 Β.
3015 5835 3086 5886 ix.
3111 5837 3210 5886 and
3231 5835 3526 5900 Twysden's
3547 5843 3670 5892 text.

1596 5913 1885 5980 Twysden's
1904 5923 2027 5966 text.
2746 5919 2767 5984 ἓ
2789 5931 2940 5976 suam,
2963 5913 3156 5978 absque,
3175 5914 3230 5964 in
3249 5915 3492 5966 Faustina
3511 5917 3574 5970 B.
3599 5919 3668 5970 ix.

1660 5995 1679 6022 2
1702 5995 1927 6046 Omitted
1942 5995 1999 6044 in
2014 5995 2135 6060 orig.
2160 6015 2175 6056 ς
2216 5995 2445 6058 supplied
2460 5995 2589 6044 stom
2684 5983 2788 6046 and
2807 5995 3100 6060 Twysden's
3121 6001 3244 6048 text.
