5559 8242
2210 2173 2401 2222 orus
2446 2173 2968 2222 CHRONIOORUM.
3141 2191 3144 2194 ·
3547 2159 3628 2220 35

1542 2347 1707 2442 q'uae’
1750 2353 1879 2422 fuit
1936 2357 2247 2421 maritata
2298 2357 2367 2418 in
2424 2355 2790 2434 Britannia,
2837 2361 2904 2420 et
2957 2355 3414 2442 Margaretam,
3479 2377 3626 2442 quae
3653 2367 3958 2422 A.D.1272.

1536 2459 1667 2520 fuit
1698 2455 1717 2492 ¹
1742 2457 2053 2520 maritata
2074 2457 2241 2542 Regi
2272 2457 2527 2522 Scotiae.
2606 2457 2792 2520 Idem
2827 2457 2972 2520 Rex
3003 2457 3326 2522 Henrieus
3359 2457 3642 2526 Tertius

1534 2559 1875 2622 inchoavit
1918 2579 2161 2622 novam
2218 2557 2527 2622 fabricam
2574 2559 3158 2626 westmonasterii.
3211 2553 3216 2558 ⁸

1622 2661 1935 2744 Tempore
1966 2679 2085 2722 suo
2116 2659 2387 2742 regebat
2428 2681 2705 2746 regnum
2752 2681 2944 2724 suum
2985 2661 3428 2746 Anglicanum
3473 2671 3646 2722 cum·

1528 2761 1703 2848 pacis
1764 2761 2269 2846 tranquillitate,
2332 2783 2535 2846 usque
2596 2763 2679 2826 ad
2742 2761 3310 2848 quadragesimum
3369 2781 3618 2824 nonum

1528 2883 1773 2926 annum
1826 2861 2013 2946 regni
2056 2863 2175 2926 sui.
2270 2861 2439 2926 Cum
2482 2865 2693 2950 igitur
2734 2864 2982 2946 Anglia
3027 2863 3150 2926 sub
3197 2869 3390 2926 tanto
3437 2863 3614 2946 Rege
3639 2879 3844 2930 Dissen-

1524 2985 1681 3048 pace
1744 2985 1985 3048 magna
2044 2961 2379 3048 gloriaque
2440 2965 2717 3040 floreret,
2760 2965 2836 3026 in
2895 2969 3154 3028 matura
3201 2963 3342 3048 ejus
3395 2968 3608 3042 aetate,
3635 2945 3940 3064 {ii‘gnssggghs

1522 3063 1771 3138 invidit
1814 3063 1925 3126 ille
1972 3063 2149 3126 mille
2194 3063 2439 3128 artifex
2496 3065 2812 3144 diabolus,
2861 3069 2930 3128 et
2975 3065 3324 3130 seminavit
3373 3065 3614 3130 discor-

1522 3165 1697 3230 diam
1740 3165 1919 3230 inter
1964 3167 2243 3230 eundem
2286 3165 2547 3252 Regem,
2596 3165 2964 3230 Henricum
3007 3167 3304 3230 Tertium
3351 3173 3420 3230 et
3461 3189 3610 3252 pro-

1520 3287 1693 3332 ceres
1752 3273 1963 3346 terrae,
2024 3267 2309 3332 nefanda
2368 3267 2779 3352 proditione3
2843 3291 2918 3332 60
2965 3269 3138 3354 quod
3185 3269 3428 3334 alienos
3469 3291 3608 3334 non

1516 3369 1803 3434 modicos
1864 3369 1993 3432 sibi
2058 3369 2403 3448 alliciebat,
2466 3371 2581 3454 qui
2648 3372 2822 3454 leges
2887 3373 3148 3458 iniquas
3213 3365 3600 3450 condebant,

1510 3473 1891 3556 ignorantes
1930 3477 2329 3556 praeceptum
2398 3471 2810 3548 .1)01111111,----2
2835 3477 2870 3506 “
2893 3471 3098 3558 Leges
3143 3495 3320 3536 meas
3375 3479 3590 3546 custo-

1514 3579 1547 3608 “
1592 3571 1789 3650 dite,’'
1834 3577 1919 3652 et,
1950 3571 2157 3636 ²³“Vae
2188 3573 2303 3654 qui
2334 3573 2629 3636 condunt
2656 3573 2832 3656 leges
2861 3573 3182 3658 iniquas.”
3259 3573 3596 3660 Quaprop-

1510 3678 1613 3738 ter
1674 3671 1945 3738 Statuta
1994 3673 2267 3738 Oxoniae
2332 3673 2595 3736 condita
2656 3679 2864 3750 erant,
2913 3679 2980 3736 et
3027 3673 3148 3736 sub
3203 3673 3584 3756 juramento

1506 3773 2043 3860 irrefragabiliter
2102 3773 2525 3848 observanda,
2574 3777 2715 3836 tam
2760 3795 2846 3836 ex
2903 3778 3090 3858 parte
3151 3773 3350 3860 Regis
3397 3795 3592 3858 quam

1504 3877 1851 3940 Baronum.
1942 3875 2191 3938 Eodem
2238 3883 2549 3960 tempore,
2582 3881 2649 3938 et
2680 3875 2802 3938 hac
2849 3873 2928 3938 de
2973 3897 3188 3954 causa,
3215 3875 3300 3938 ad
3331 3877 3592 3960 propria

1502 3975 2019 4040 irrevocabiliter
2058 3975 2367 4062 repedare
2404 3977 2743 4062 jubentur,

1732 4203 1831 4266 De
1884 4201 2457 4268 commendatione
2504 4199 2711 4288 Remis
2760 4201 2844 4266 H
2837 4199 3056 4266 enrici
3109 4201 3344 4266 Tertii.

1584 4339 1747 4408 Erat
1776 4343 1951 4408 enim
1992 4345 2171 4408 idem
2202 4345 2347 4408 Rex
2394 4343 2725 4408 Henricus
2754 4345 2940 4430 quasi
2983 4329 3016 4380 4⁴
3029 4345 3222 4408 stella
3251 4345 3584 4408 matutina
3609 4347 3880 4478 &3132ssssss

1488 4447 1561 4508 in
1626 4445 1843 4510 medio
1904 4445 2177 4526 nebulae,
2232 4451 2299 4510 et
2346 4447 2531 4532 quasi
2576 4445 2737 4510 luna
2795 4447 2990 4530 plena
3035 4447 3104 4508 in
3155 4447 3384 4510 diebus
3445 4467 3578 4510 suis
3603 4481 3690 4530 the
3713 4483 3890 4530 Third.

1490 4545 1681 4612 luxit.
1772 4547 1935 4610 Erat
1982 4549 2155 4610 enim
2202 4553 2457 4638 amator
2498 4547 2854 4632 religionis,
2887 4551 2956 4612 et
3001 4549 3210 4612 cultor
3251 4547 3582 4632 religioso-

1486 4669 1647 4712 rum.
1742 4647 2037 4734 Cumque
2086 4647 2435 4734 diligenter
2478 4649 2946 4734 monachorum
2993 4649 3202 4712 vitam
3251 4653 3318 4712 et
3365 4669 3576 4714 mores
3601 4651 3848 4780 ξὲἑίῗῗγ

1482 4749 1991 4836 investigatione
2052 4735 2589 4838 prudentissima⁴
2630 4749 2980 4828 didicisset,
3039 4753 3290 4816 vocatis
3357 4749 3444 4814 ad
3509 4773 3576 4814 se
3599 4785 3780 4832 himin

1486 4851 2027 4916 Monasteriorum
2072 4851 2403 4930 fratribus
2450 4875 2595 4916 curn
2644 4853 2737 4918 eis
2778 4851 3164 4936 hujusmodi
3209 4875 3568 4916 sermonem
3595 4849 3836 4926 religious

1480 4953 1859 5018 habuit.——-—“
1882 4953 2061 5032 Quot
2104 4955 2449 5018 monachos
2490 4947 2749 5030 habetis
2774 4941 2854 5018 ξ’)
2945 4951 3070 5016 Cui
3115 4975 3262 5016 cum
3305 4975 3570 5038 respon-
3595 4917 3776 4966 affans.

1480 5077 1621 5118 sum
1684 5061 1869 5130 esset,
1930 5061 2035 5120 tot
2108 5059 2175 5118 et
2234 5060 2351 5132 tot,
2416 5061 2487 5120 at
2544 5055 2655 5118 ille
2680 5061 2830 5118 1-·-“
2853 5051 3110 5118 Suntne
3179 5053 3556 5118 obedientes

1474 5161 1511 5190 “
1548 5157 1729 5244 patri
1814 5157 2191 5242 spirituali?
2304 5157 2389 5220 In
2476 5157 2747 5220 servitio
2839 5157 3064 5222 divino
3155 5157 3410 5220 strenui
3499 5163 3568 5220 et

1476 5263 1513 5292 “
1554 5257 1755 5332 fortes
1780 5257 1855 5322 ?''
1942 5259 2033 5320 Et
2076 5259 2339 5322 addidit
2368 5265 2515 5322 τῃ·α
2542 5257 2653 5322 Ad
2698 5279 2816 5322 nos
2861 5263 3114 5342 spectat
3161 5279 3438 5322 examen
3481 5259 3562 5322 de

1472 5367 1507 5394 “
1550 5381 1771 5424 eorum
1800 5359 2089 5424 moribus
2122 5363 2187 5424 et
2218 5357 2711 5424 conversatione
2728 5383 2743 5438 3
2776 5361 2832 5424 si
2861 5361 3106 5422 vivunt
3139 5361 3566 5436 continenter,

1472 5467 1505 5496 “
1550 5461 1605 5524 si
1648 5461 1919 5526 honeste
1948 5481 2017 5524 se
2058 5461 2311 5524 habent
2342 5461 2427 5526 ad
2474 5483 2581 5524 eos
2614 5461 2733 5544 qui
2756 5459 2936 5526 'foris
2969 5466 3140 5538 sunt,
3177 5461 3232 5524 si
3277 5461 3350 5524 in
3379 5461 3562 5524 victu

1470 5567 1501 5594 “
1544 5563 1759 5642 sobrii,
1806 5561 1863 5626 si
1906 5561 2231 5624 moderati
2274 5559 2569 5626 habitu?
2650 5561 2840 5638 Item,
2873 5561 3030 5624 talis
3075 5567 3216 5626 erat
3259 5561 3562 5646 religiosa

1468 5661 1861 5730 consuetudo
1908 5661 2065 5746 ejus,
2116 5661 2297 5728 omni
2348 5661 2453 5726 die
2500 5667 2790 5746 quatuor
2837 5668 2956 5727 aut
2987 5663 3278 5748 quinque
3325 5663 3560 5728 Missas

1528 5933 1549 5964 ¹
1570 5941 1749 5988 marita
1768 5937 1825 5988 in
1848 5937 1975 6000 orig.
2618 5941 2637 5970 ³
2658 5937 2836 5988 Isaiah
2857 5955 2910 5988 x.
2941 5947 2982 5988 1.

1524 6017 1543 6044 ²
1566 6015 1825 6082 Probably
1860 6019 1915 6066 in
1956 6019 2167 6068 allusion
2212 6025 2263 6068 to
2308 6017 2457 6070 Levi·
2618 6019 2637 6048 ⁴
2656 6017 2779 6068 stela
2801 6019 2856 6066 in
2875 6019 3002 6080 orig.

1460 6093 1583 6142 tiens·
1604 6095 1747 6144 xviii.
1774 6099 1817 6158 5,
1842 6099 1923 6156 26,
1948 6099 2045 6144 and
2068 6095 2173 6146 xix.
2206 6101 2279 6146 19.

3245 6183 3374 6258 02
