5559 8242
2434 2085 2633 2142 REGIs
2676 2085 2970 2140 ANemAE.
3609 2077 3740 2148 257

1750 2271 1835 2340 In
1864 2277 2147 2342 crastino
2182 2281 2423 2354 autem,
2454 2273 2779 2352 videlicet,
2807 2275 2912 2338 die
2943 2273 3178 2338 Martis
3209 2273 3282 2338 in
3309 2273 3476 2340 festo
3507 2271 3734 2340 Sancti
3759 2287 4060 2344 A.D.1399.

1656 2379 1985 2456 leronimi,
2046 2379 2119 2442 in
2164 2379 2407 2462 Magna
2458 2377 2635 2442 Aula
2684 2377 3266 2456 westmonasterii,
3327 2377 3398 2442 111
3449 2377 3592 2442 loco
3645 2379 3730 2442 ad
3757 2377 3856 2430 His
3953 2415 3970 2428 ι

1650 2479 2165 2542 Parliamentum
2230 2475 2251 2510 ¹
2276 2479 2629 2544 honorifice
2690 2481 3076 2564 praeparato,
3141 2479 3330 2542 dictis
3391 2479 3728 2564 Archiepi-

3681 2481 3694 2494 .
3751 2449 3948 2508 proxies

3749 2515 3870 2562 read
3881 2515 3962 2564 his
3977 2529 4052 2562 rea

1642 2579 1851 2666 scopis
1872 2579 2245 2664 Cantuariae
2274 2585 2343 2644 et
2374 2579 2665 2658 Eboraci,
2694 2587 2761 2646 et
2795 2579 2978 2646 Duce
3009 2579 3426 2656 Lancastriae‚
3451 2581 3722 2666 aliisque
3747 2579 4038 2630 nunciation

3723 2645 3902 2694 ⁴*ofthe

1640 2681 1933 2754 Ducibus
1980 2687 2047 2746 et
2092 2681 2409 2758 DominiS,
2466 2687 2605 2746 tam
2650 2683 3104 2768 spiritualibus
3149 2703 3346 2766 quam
3395 2685 3716 2766 tempora-
3745 2723 3922 2762 crown.

1638 2783 1827 2862 libus,
1858 2805 2135 2868 quorum
2178 2783 2449 2848 nomina
2494 2785 2954 2850 describuntur
3009 2785 3296 2862 inferius
3349 2785 3716 2870 populoque

1640 2883 1799 2948 dicti
1846 2887 2029 2970 regni
2076 2885 2103 2922 2
2122 2893 2391 2972 propter
2434 2887 2461 2922 3
2482 2887 3002 2952 Parliamentum
3047 2887 3118 2950 in
3167 2887 3454 2952 maxima
3491 2887 3716 2950 multi-

1632 2985 1863 3050 tudine
1908 2993 2311 3072 congregato,
2342 2987 2775 3072 praesentibus
2805 3013 2820 3066 3
2867 3009 2942 3052 ac
2985 2991 3260 3072 praefato
3307 2989 3490 3054 Duce
3537 2989 3710 3052 Lan-

1630 3087 1881 3152 castriae
1946 3089 2157 3152 locum
2218 3089 2423 3152 statui
2470 3111 2587 3152 suo
2648 3089 2962 3166 debitum,
3029 3095 3096 3154 et
3161 3091 3444 3166 solitum,
3523 3111 3704 3156 occu-

1624 3197 1839 3276 pante,
1914 3213 1991 3256 ac
2056 3193 2205 3256 sede
2272 3191 2491 3278 regali,
2570 3213 2719 3258 cum
2793 3191 3028 3278 pannis
3105 3195 3248 3258 auri
3325 3195 3704 3258 solemniter

1622 3298 2005 3378 praeparata,
2068 3300 2225 3358 tunc
2284 3315 2491 3358 vacua
2542 3295 2786 3382 absque
2843 3295 3234 3380 praesidente
3297 3317 3698 3380 quocunque,

1618 3395 2029 3480 supradictus
2052 3395 2587 3482 Archiepiscopus
2610 3397 2906 3474 Eboraci,
2927 3395 2950 3432 ‘¹
2979 3395 3698 3482 Herefordensisfflpi*

1620 3497 1795 3582 scopi
1858 3499 2139 3576 nomine,
2184 3497 2385 3582 juxta
2432 3499 2591 3564 dicti
2640 3499 2844 3584 Regis
2887 3499 3280 3582 injunctum,
3321 3499 3694 3564 cessionem

1614 3605 1681 3664 et
1724 3599 2281 3664 renunciationem
2340 3621 2457 3684 per
2516 3621 2665 3664 eum
2722 3601 2818 3664 sic
2859 3599 3074 3676 fuisse,
3121 3607 3198 3664 ut
3243 3600 3690 3684 praemittitur,

1608 3701 1867 3776 factam,
1920 3701 2121 3766 etiam
2176 3723 2321 3766 cum
2374 3701 2852 3786 subscriptione
2897 3703 3096 3786 regiae
3145 3721 3392 3778 manus,
3447 3706 3530 3763 et.
3559 3707 3692 3766 tra-

1610 3803 1861 3866 ditione
1900 3801 2143 3888 signeti
2188 3801 2309 3880 sui,
2356 3803 2613 3888 publice
2660 3803 3062 3878 declaravit;
3109 3801 3512 3886 eandemque
3557 3825 3688 3866 ces·

1604 3903 1865 3980 sionem,
1910 3913 1977 3970 et
2020 3903 2591 3982 renunciationem,
2638 3927 2755 3990 per
2801 3903 3024 3982 alium,
3057 3903 3268 3988 primo
3313 3903 3386 3966 in
3429 3889 3686 3968 Latinis

1604 4007 1837 4084 verbis,
1870 4012 1937 4070 et
1966 4013 2191 4092 postea
2220 4007 2293 4068 in
2316 4005 2633 4092 Anglicis,
2666 4005 2798 4092 legi
2825 4005 2984 4072 fecit
3015 4005 3260 4070 ibidem
3275 4029 3290 4086 3
3337 4011 3404 4070 et
3433 4007 3680 4086 statim,

1598 4115 1675 4172 ut
1706 4107 1917 4174 fuerat
1960 4109 2401 4194 interrogatus
2428 4131 2469 4172 a
2514 4107 2804 4172 statibus
2851 4115 2920 4172 et
2959 4107 3198 4192 populo
3229 4113 3390 4172 tunc
3433 4107 3678 4172 ibidem

1596 4209 2041 4294 praesentibus
2066 4211 2291 4296 primo,
2314 4209 2637 4284 videlieet,
2662 4209 2747 4272 ab
2772 4209 3272 4294 Archiepiscopo
3299 4209 3676 4274 Cantuariee

1592 4311 1923 4394 praedictO,
1960 4311 2089 4394 (cui
2118 4311 2371 4376 ratione
2416 4311 2763 4396 dignitatis
2797 4317 2864 4374 et
2895 4311 3350 4396 praerogativae
3395 4311 3674 4376 ecclesiae

1592 4433 1725 4476 suae
1774 4413 2161 4492 Cantuariae,
2222 4413 2731 4498 metropoliticae,
2797 4413 2870 4474 in
2927 4413 3050 4476 hac
3107 4419 3290 4500 parte
3343 4413 3672 4496 competit,

1590 4515 1865 4598 primam
1910 4535 2133 4578 vocem
2178 4515 2413 4578 habere
2478 4515 2653 4578 inter
2720 4519 2988 4578 caeteros
3047 4515 3352 4602 praelatos
3399 4521 3466 4578 et
3521 4537 3668 4598 pro·-

1590 4637 1761 4680 ceres
1798 4617 2029 4700 regni,)
2080 4615 2107 4650 ⁶
2128 4613 2183 4678 si
2226 4635 2347 4698 pro
2392 4635 2617 4678 eorum
2664 4617 2996 4692 interesse,
3029 4621 3094 4680 et
3141 4615 3434 4680 utilitate
3463 4617 3666 4700 regni,

1586 4717 1835 4780 vellent
1874 4715 2433 4782 renunciationem
2500 4721 2571 4780 et
2636 4713 2661 4750 ⁷
2680 4717 3032 4782 cessionem
3093 4719 3348 4782 easdem
3425 4719 3666 4782 admit·-

1584 4821 1759 4896 tere3
1834 4821 2051 4882 status
2108 4817 2307 4882 iidem
2368 4822 2435 4882 et
2496 4815 2796 4902 populus,
2859 4823 3238 4902 reputantes
3301 4841 3386 4884 ex
3449 4821 3660 4884 causis

1578 4939 1693 5004 per
1752 4919 1967 5004 ipsum
2038 4917 2285 5004 Regem
2350 4917 2421 4980 in
2490 4941 2607 4982 sua
2668 4919 3164 4984 renunciatione
3231 4925 3296 4982 et
3371 4923 3656 4986 cessione

1576 5019 1907 5106 praedictis
1964 5019 2361 5106 specificatis,
2424 5019 2601 5084 8fore
2654 5021 2938 5086 multum
2999 5021 3370 5106 expediens,
3415 5043 3656 5086 renun-

1636 5307 1655 5340 1
1678 5299 1921 5350 tenendum
1944 5299 2213 5362 honorfflce,
2234 5299 2289 5348 in
2322 5301 2563 5352 Faustina
2650 5301 2870 5364 ginning
2893 5305 2924 5330 “
2947 5301 3230 5350 constitutus
3243 5301 3574 5366 proeczjvuusj'
3591 5315 3644 5350 as

1568 5375 1627 5430 B.
1652 5379 1723 5430 ix.
1748 5381 1847 5430 and
1868 5379 2161 5444 Twysden’s
2182 5387 2305 5430 text.
2646 5379 2928 5444 belonging
2945 5387 2998 5430 to
3019 5381 3104 5430 the
3129 5387 3332 5430 context
3353 5401 3366 5430 ι
3393 5379 3478 5430 the
3499 5381 3646 5430 omit-

1630 5461 1651 5490 2
1672 5467 1783 5508 tunc
1806 5457 1975 5508 ibidem
1998 5461 2405 5524 propter-factum
2426 5457 2559 5508 Par·
2646 5459 2731 5510 ted
2754 5463 2930 5520 wordS,
2965 5463 2996 5486 “
3019 5461 3100 5508 sui
3119 5467 3166 5508 et
3185 5457 3352 5520 dieti‚”
3379 5473 3464 5508 are
3491 5459 3642 5522 given

1564 5535 1787 5598 liamenti,
1810 5539 1865 5586 in
1888 5537 2187 5604 Twysden's
2210 5545 2335 5588 text.
2644 5537 2697 5586 in
2726 5537 2970 5586 Faustina
3007 5537 3068 5588 Β.
3105 5537 3192 5598 ix„
3231 5537 3334 5586 and
3381 5535 3466 5586 the
3499 5537 3642 5586 other

1630 5619 1647 5646 ³
1668 5615 1993 5680 Parliamentg'
2010 5617 2065 5664 in
2088 5615 2333 5666 Faustina
2362 5617 2423 5666 B.
2446 5615 2517 5666 ix.
2640 5631 2852 5680 passage
2875 5615 2920 5664 is
2933 5615 3154 5664 inserted
3173 5615 3228 5664 in
3253 5615 3340 5664 the
3361 5615 3576 5678 margin.

1624 5697 1643 5724 ⁴
1666 5695 1831 5744 There
1864 5695 1909 5744 is
1942 5711 2007 5744 an
2042 5709 2239 5744 erasure
2280 5697 2413 5754 here,
2452 5697 2551 5744 and
2706 5697 2725 5724 ⁵
2742 5695 3026 5760 Episcopus
3047 5695 3102 5742 in
3125 5695 3250 5758 orig.

1558 5771 1643 5820 the
1662 5775 1829 5824 words
1866 5777 1897 5802 “
1914 5791 1999 5822 suo
2032 5783 2081 5820 et
2110 5773 2275 5834 dieti?
2308 5787 2363 5822 as
2394 5773 2549 5836 given
2668 5767 2677 5778 ⁰
2704 5775 2725 5802 ⁶
2746 5773 2874 5836 quod
2891 5773 2950 5832 si,
2973 5771 3028 5820 in
3049 5771 3294 5820 Faustina
3315 5771 3380 5822 Β,
3401 5771 3480 5820 ix.

1558 5851 1613 5900 in
1636 5853 1927 5918 Twysden's
1950 5859 2071 5910 text,
2108 5867 2191 5902 are
2214 5853 2423 5918 omitted
2444 5871 2457 5910 ς
2490 5853 2547 5902 in
2704 5855 2721 5882 ⁷
2742 5853 3050 5902 cessationem
3069 5851 3122 5900 in
3147 5853 3388 5900 Faustina
3409 5851 3474 5898 B.
3491 5849 3566 5900 ix.

1556 5931 1697 5992 place
1732 5931 1789 5982 of
1818 5931 1997 5992 which,
2020 5947 2053 5980 a
2086 5931 2231 5980 mark
2274 5931 2429 5980 refers
2460 5933 2545 5982 the
2700 5935 2719 5962 ⁸
2740 5931 2828 5988 ᾖσι·
2845 5933 2978 5994 fore,
3003 5929 3058 5980 in
3079 5931 3324 5980 Faustina
3347 5931 3408 5980 B.
3431 5931 3504 5982 ix.
3529 5933 3634 5982 and

1558 6011 1731 6058 reader
1774 6021 1829 6060 to
1862 6011 1947 6060 the
1982 6025 2189 6074 passage
2232 6009 2409 6070 below,
2460 6009 2545 6058 be·
2634 6011 2934 6076 Twysden's
2955 6015 3076 6060 text.

3313 6105 3362 6156 R
