5559 8242
1932 2037 2061 2100 314
2480 2053 2798 2102 ANNALES
2841 2053 3136 2100 HENRICI
3183 2051 3458 2112 QUARTI,

1596 2243 1733 2294 A-D-
1762 2247 1903 2296 1399.
1930 2245 1967 2274 “
2014 2239 2143 2320 Qui
2176 2261 2323 2304 cum
2352 2239 2641 2304 maxime
2670 2239 2743 2304 in
2772 2243 2894 2302 tua
2921 2239 3050 2302 fide
3083 2239 3454 2316 confideret,
3503 2241 3578 2302 tu
3621 2261 3770 2302 eum
3801 2237 4018 2302 dolose

1930 2347 1963 2376 “
2008 2343 2369 2428 procurasti
2418 2337 2783 2406 indictari.'’
2875 2341 2966 2404 Et
2995 2341 3134 2406 haec
3167 2339 3406 2420 dicens,
3439 2341 3716 2426 projecit
3747 2339 4022 2406 vadium

1926 2465 2121 2508 sunm
2164 2449 2389 2510 contra
2452 2465 2617 2508 euni.
2710 2443 2942 2508 Comes
2991 2445 3056 2506 et
3103 2445 3258 2530 ipse,
3309 2443 3478 2508 nihil
3539 2443 3812 2530 segnior,
3875 2465 4026 2530 pro—

1918 2545 2083 2628 jecit
2140 2547 2411 2610 vadium
2472 2549 2699 2610 contra
2762 2545 3124 2610 Dominum
3171 2547 3252 2610 de
3299 2547 3560 2624 Morlee‚
3617 2569 3908 2612 asserens
3953 2567 4020 2610 se

1926 2655 2233 2732 paratum
2294 2649 2379 2710 ad
2430 2647 2848 2734 purgandum
2909 2645 3128 2712 duello
3193 2669 3382 2712 suam
3443 2649 3890 2712 innocentiam
3951 2647 4022 2710 in

1928 2753 2051 2814 hac
2112 2755 2311 2836 parte.
2406 2751 2539 2814 Sed
2598 2751 2755 2836 quia
2815 2751 2922 2814 die
2983 2753 3294 2838 praesenti
3353 2775 3488 2816 non
3553 2757 3818 2836 poterat
3881 2751 4022 2816 haec

1930 2873 2125 2916 causa
2170 2851 2467 2930 discindi,
2500 2853 2647 2916 ideo
2694 2853 2892 2918 datus
2939 2859 3038 2918 est
3085 2853 3224 2916 dies
3271 2853 3478 2918 Lunae
3507 2853 3846 2938 proximus
3875 2857 4024 2938 post

1928 2955 2167 3018 festum
2230 2953 2545 3018 Omnium
2608 2953 2996 3018 Sanctorum
3061 2955 3542 3020 examinationi
3587 2977 3796 3020 causae
3857 2977 4022 3040 prae-

1930 3055 2141 3134 dictae,
2186 3077 2301 3140 per
2348 3055 2924 3120 Constabularium
2969 3061 3036 3120 et
3087 3057 3560 3122 Marescallum.

1598 3167 1909 3246 TheBishop
2022 3159 2177 3222 Hiis
2220 3159 2443 3244 itaque
2488 3159 2707 3244 gestiS,
2756 3159 3116 3246 Episcopus
3149 3159 3580 3224 Oarleolensis
3613 3159 3914 3240 surrexit,
3949 3165 4024 3224 ut

1602 3235 1889 3352 ἕξὲἓέξειθ
1936 3267 2271 3326 excusaret
2332 3283 2399 3324 se
2464 3261 2543 3324 de
2602 3261 3004 3346 quibuslibet
3065 3261 3338 3344 objectis
3405 3267 3632 3326 contra
3701 3285 3848 3326 eum
3917 3283 4034 3348 per

1602 3369 1807 3418 himself
1936 3363 2385 3450 suspicionem,
2432 3387 2627 3450 quam
2674 3363 2966 3442 intendit
3011 3365 3286 3450 probare
3317 3363 3626 3428 fallacem.
3725 3363 3850 3428 Cui
3883 3363 4032 3428 Rex

1600 3435 1871 3566 ffffffgffgf
1940 3467 2131 3544 dixit,
2194 3489 2327 3530 non
2386 3465 2619 3530 debere
2682 3489 2830 3530 eum
2893 3465 2966 3528 in
3025 3465 3140 3530 illa
3201 3487 3394 3530 causa
3445 3465 3748 3550 judicari,
3797 3465 3912 3530 sed
3957 3465 4028 3528 in

1606 3567 1897 3646 eonspiring
1942 3569 2143 3634 Curia
2166 3567 2613 3634 Ecclesiastica
2640 3567 2775 3632 fore
2807 3567 3346 3632 conveniendum.
3439 3567 3560 3630 Ille
3585 3573 3820 3642 tamen,
3857 3567 4030 3630 facta

1602 3633 1915 3750 {gfiaffisgfthe
1936 3671 2407 3756 protestatione
2470 3669 2647 3754 quod
2710 3669 2930 3736 noluit
2991 3671 3302 3756 derogare
3357 3669 3494 3754 juri
3557 3669 3882 3746 Ecclesiae,
3929 3669 4034 3732 vel

1606 3767 1913 3816 Glouoester.
1936 3773 2251 3852 libertati,
2312 3773 2573 3858 rogavit
2634 3771 3012 3850 instantius,
3077 3777 3152 3836 ut
3215 3771 3552 3836 excusatio
3623 3793 3740 3836 sua
3809 3775 4026 3858 posset

1940 3877 2193 3958 audiri3
2254 3875 2739 3960 declaravitque
2795 3875 3160 3960 peroptime
3221 3897 3406 3938 suam
3465 3873 3910 3940 innocentiam
3955 3873 4034 3936 de

1938 3981 2165 4044 multis
2212 3977 2593 4044 criminibus
2650 3999 2798 4062 quae
2867 3999 2950 4040 ex
3011 3975 3380 4062 suspicione
3439 3981 3704 4040 tantum
3765 3975 4034 4038 fuerunt

1942 4083 2069 4146 sibi
2114 4083 2461 4166 imputata,
2508 4085 2577 4146 et
2614 4081 2693 4144 de
2724 4079 3212 4164 conspiratione
3245 4079 3318 4140 in
3349 4083 3628 4144 mortem
3661 4079 3882 4156 Ducis,
3917 4075 4032 4142 etc.

1944 4185 2199 4270 Expost
2246 4187 2637 4266 conquestus
2686 4185 2781 4246 est
2831 4183 3006 4266 quod
3039 4181 3154 4244 diu
3185 4183 3402 4244 fuerat
3433 4183 3552 4244 sub
3585 4187 3814 4248 aresta.
3913 4181 4038 4246 Cui

1942 4305 2105 4350 mox
2162 4305 2541 4368 responsum
2586 4281 2733 4358 fuit,
2801 4283 2978 4368 quod
3037 4305 3172 4348 non
3217 4285 3336 4348 sub
3387 4287 3618 4362 aresta,
3667 4285 3782 4348 sed
3841 4283 4036 4350 fuisse

1944 4387 2143 4452 salvae
2204 4385 2515 4450 custodiae
2578 4389 3114 4450 commendatum
3175 4409 3292 4472 pro
3355 4389 3566 4452 tutela
3627 4409 3760 4464 sua,
3827 4393 3892 4454 et
3953 4389 4038 4452 ad

1946 4489 2407 4552 declinandum
2438 4489 2663 4554 odium
2692 4489 2898 4574 vulgi,
2921 4489 3098 4572 quod
3127 4494 3558 4576 conceperant
3587 4495 3816 4556 contra
3851 4513 4034 4570 eum3

1936 4587 2079 4670 jam
2122 4609 2277 4652 vero
2338 4587 2531 4652 licere
2590 4587 2717 4652 sibi
2780 4609 3046 4674 pergere
3107 4587 3312 4652 libere
3373 4611 3756 4676 quocunque
3815 4589 4034 4654 vellet.

1948 4689 2079 4752 Sed
2124 4695 2347 4754 tamen
2408 4693 2777 4754 consultum
2827 4694 2928 4754 est
2973 4689 3118 4770 sibi,
3167 4695 3438 4776 propter
3481 4693 3912 4770 honestatem,
3963 4697 4038 4756 ut

1614 4809 1699 4860 He
1720 4807 1893 4860 retires
1950 4793 2195 4856 rediret
2240 4795 2327 4858 ad
2368 4793 2701 4858 Abbatem
2758 4793 2988 4858 Sancti
3033 4795 3296 4874 Albani,
3359 4797 3432 4860 in
3485 4795 3668 4878 cujus
3731 4797 4044 4860 comitiva

1612 4877 1779 4992 Ἠξξ
1766 4957 1801 5004 y
1826 4941 1885 4990 of
1944 4893 2089 4976 jam
2148 4917 2397 4960 moram
2458 4900 2771 4974 traxerat,
2827 4897 3018 4980 jussu
3073 4899 3290 4984 Regis,
3341 4901 3406 4962 et
3449 4899 3546 4962 ibi
3609 4903 4040 4984 permaneret,

1620 5007 1925 5060 St.Alban’S.
1954 4999 2155 5062 donec
2212 5001 2515 5076 mundus,
2580 5021 2663 5064 ex
2722 5001 3254 5086 conquietatione
3315 5001 3518 5088 vulgi,
3581 5001 3828 5066 felicior
3887 5001 4046 5066 arri-

1956 5101 2177 5178 deret,
2226 5105 2291 5164 et
2336 5101 2491 5166 fecit
2536 5101 2623 5166 sic
2670 5123 2783 5186 per
2829 5105 3090 5188 tempus
3137 5103 3422 5188 aliquod.

1620 5219 1915 5270 Allowanee
2044 5201 2169 5266 Die
2200 5203 2389 5266 Jovis
2418 5206 2567 5286 post
2596 5203 2842 5268 festum
2883 5203 3350 5290 Apostolorum
3383 5205 3668 5268 Simonis
3717 5209 3782 5268 et
3827 5205 3874 5268 J
3879 5205 4042 5280 udae,

1620 5285 1765 5336 made
1778 5291 1831 5334 '⁶⁰
1846 5285 1929 5332 the
1958 5307 2035 5368 de
2086 5305 2281 5390 Regis
2332 5307 2808 5384 benevolentia,
2863 5307 3130 5370 allocati
3197 5313 3352 5370 sunt
3409 5307 3746 5372 Katerinae
3809 5307 4046 5392 Swyn-

1620 5355 1803 5402 widow
1826 5353 1885 5402 of

1622 5421 1855 5538 {affatos
1960 5409 2117 5484 ford,
2162 5429 2369 5494 nuper
2412 5409 2703 5474 Ducissae
2758 5409 3176 5484 Lancastriae‚
3239 5409 3416 5474 mille
3465 5414 3792 5474 marcatus
3839 5411 4044 5472 annui

1748 5503 1773 5536 θ
1796 5503 1825 5536 Ο

1700 5571 1735 5602 D.
1798 5571 1819 5602 S
1846 5569 1909 5602 ΒΓ.

1622 5555 1699 5604 La
1736 5571 1795 5604 ea
1822 5563 1843 5604 t
1960 5617 2089 5682 sibi
2118 5619 2533 5694 concesserat,
2568 5615 2723 5676 dum
2766 5613 2990 5692 adhuc
3017 5613 3162 5678 Rex
3187 5619 3352 5678 esset
3385 5613 3614 5678 Comes
3647 5613 3728 5676 de
3761 5613 4004 5698 Derby.

1624 5741 1907 5804 Judgment
2050 5719 2175 5782 Die
2224 5717 2429 5782 Lunae
2474 5719 2771 5804 proxima
2815 5721 2962 5802 post
2993 5717 3234 5780 festum
3285 5717 3592 5778 Omnium
3639 5715 4050 5790 Sanctorum,

1626 5809 1781 5874 given
1962 5823 2193 5886 datum
2224 5825 2323 5884 est
2362 5819 2685 5900 judicium
2732 5823 2962 5882 contra
2993 5817 3314 5882 Dominos
3355 5817 3470 5902 qui
3515 5817 3830 5884 dicuntur,
3875 5823 3908 5850 “
3939 5839 4054 5902 ap-

1622 5877 1939 5994 {tggtiggsssthe
1966 5935 1999 5962 “
2042 5921 2419 6014 pellantes,⁷’
2480 5919 2810 5986 Willelmo
2891 5919 3248 6006 Themyng
3319 5921 3524 5982 verba
3603 5923 4052 6002 prosequente,

1958 5517 2281 5578 terrarum
2326 5511 2407 5574 de
2440 5511 2701 5576 Ducatu
2742 5511 3158 5590 Lancastriae,
3195 5533 3356 5596 quos
3401 5511 3578 5590 Dux,
3609 5517 3800 5598 pater
3829 5511 4058 5606 Regis,

4325 4899 4332 5014 ...-.--.
4329 4807 4332 4810 .
4329 4773 4332 4802 .....

4309 6029 4332 6756 Q...-
4317 5483 4332 6024 ψ.
