5559 8242
1921 2083 2052 2148 116
2497 2085 2845 2140 JOHANNIS
2886 2087 2981 2136 DE
3024 2083 3451 2136 'rnonELown

1497 2263 1500 2266 ⁴
1591 2277 1730 2332 A.D.
1759 2279 1900 2328 1322.
1927 2285 1964 2316 “
2009 2289 2026 2316 ‘
2057 2275 2258 2362 Regis
2321 2273 2825 2358 perturbatores
2872 2295 3035 2360 quos
3088 2271 3303 2336 dictus
3366 2269 3387 2308 ¹
3414 2271 3699 2338 Thomas
3744 2269 3869 2336 sibi
3916 2275 4015 2336 at·-

1929 2391 1964 2418 “
2011 2389 2026 2416 ‘
2069 2381 2366 2442 traxerat
2395 2381 2462 2442 et
2493 2375 2929 2464 colligaverat,
2958 2373 3311 2440 homicidia
3344 2373 3371 2412 2
3394 2379 3463 2438 et
3502 2375 4017 2462 depraedationes

1931 2493 1966 2524 “
2013 2493 2028 2520 ‘
2057 2485 2124 2544 et
2169 2479 2330 2544 alias
2391 2479 2682 2544 diversas
2741 2477 3013 2544 felonias
3072 2475 3393 2560 fecissent,
3438 2499 3553 2564 per
3606 2477 3783 2564 quod
3840 2477 4021 2564 judi·-

1931 2595 1968 2624 “
2015 2597 2032 2624 ‘
2063 2583 2234 2648 cium
2285 2583 2518 2648 mortis
2587 2583 2835 2648 subisse
2902 2579 3301 2660 meruerunt,
3368 2589 3437 2648 et
3498 2583 3675 2646 idem
3738 2583 4023 2648 Thomas

1933 2697 1970 2724 “
2015 2699 2032 2726 ‘
2063 2685 2300 2752 'Comes
2345 2685 2370 2722 3
2389 2709 2538 2752 cum
2567 2685 3069 2750 manutenentia
3110 2691 3179 2750 et
3212 2689 3697 2772 receptamento
3742 2685 3769 2722 4
3792 2709 4027 2750 eorun-

1937 2801 1970 2828 “
2021 2799 2036 2828 (
2067 2789 2234 2868 dem,
2263 2789 2614 2854 -consimile
2665 2787 2991 2874 judicium
3052 2787 3077 2824 ⁵
3096 2787 3357 2866 meruit,
3402 2787 3759 2858 secundum
3804 2785 3831 2824 ⁶
3850 2787 4027 2874 leges

1935 2901 1976 2930 ‘⁶
2021 2901 2036 2928 ‘
2067 2895 2134 2956 et
2177 2893 2676 2958 consuetudines
2717 2889 2919 2980 regni.
3012 2889 3037 2926 ⁷
3060 2889 3251 2970 Item,
3290 2913 3439 2956 cum
3476 2891 3761 2956 Thomas
3794 2889 4025 2956 Comes

1937 3003 1974 3034 “
2021 3003 2038 3032 ‘
2069 3001 2292 3082 postea
2365 2995 2634 3060 veniens
2717 2995 2805 3058 ad
2886 2991 3405 3060 Parliamentum
3482 2993 3751 3060 Domini
3828 2993 4029 3080 Regis

1939 3109 1974 3138 “
2019 3111 2036 3136 ‘
2063 3099 2090 3134 3
2113 3099 2288 3188 apud
2335 3099 2718 3176 Eboracum,
2767 3117 2919 3160 cum
2962 3117 3205 3180 magna
3272 3097 3699 3162 multitudine
3744 3105 4029 3162 armato-

1939 3211 1974 3240 “
2023 3211 2040 3240 ‘
2071 3225 2234 3282 rum,
2307 3201 2578 3266 induxit
2661 3199 2688 3234 9
2711 3199 2963 3264 dictum
3046 3199 3291 3286 Regem
3368 3199 3455 3264 ad
3536 3199 4029 3288 perdonandum

1941 3315 1976 3342 “
2021 3313 2038 3344 ‘
2069 3309 2310 3370 sectam
2355 3305 2532 3392 pacis
2577 3327 2712 3368 suae
2757 3325 2987 3368 versus
3026 3301 3241 3388 ipsum
3280 3307 3347 3368 et
3378 3303 3821 3370 malefactores
3864 3327 4033 3392 prae-

1943 3417 1980 3444 ‘⁶
2027 3419 2042 3446 ‘
2075 3407 2282 3474 dictos
2327 3407 2400 3472 in
2449 3405 2825 3492 praemissis,
2874 3403 2925 3442 ¹⁰
2944 3405 3199 3472 circiter
3256 3411 3605 3470 numerum
3668 3407 3847 3470 mille
3894 3429 4035 3492 per-

1943 3521 1980 3550 “
2027 3523 2044 3548 ‘
2071 3533 2396 3590 sonarum,
2429 3511 2728 3596 quamvis
2763 3509 2939 3574 idem
2972 3507 3255 3574 Thomas
3288 3507 3519 3574 Comes
3562 3509 3745 3596 prius
3786 3507 3835 3544 ¹¹
3852 3511 4036 3594 jura-

1943 3623 1978 3650 “
2027 3623 2042 3648 ‘
2071 3619 2258 3680 verat
2333 3613 2412 3678 de
2495 3611 2883 3698 quibusdam
2964 3611 3491 3678 ordinationibus
3564 3611 3887 3692 tenendis,
3950 3635 4035 3676 ne

1943 3725 1980 3752 “
2027 3727 2042 3752 ‘
2071 3717 2396 3800 Dominus
2427 3717 2574 3780 Rex
2615 3721 2859 3780 sectam
2904 3715 3081 3804 pacis
3110 3737 3243 3780 suae
3280 3713 3665 3792 remitteret,
3696 3715 3765 3780 in
3810 3715 4037 3802 hujus-

1947 3825 1986 3856 “
2035 3829 2052 3854 ‘
2079 3821 2256 3884 modi
2355 3819 2608 3884 casibus
2701 3819 3207 3906 emergentibus,
3284 3819 3363 3882 de
3456 3823 3665 3882 morte
3738 3819 4039 3882 hominis,

1947 3931 1986 3960 “
2033 3929 2048 3956 ‘
2081 3923 2270 4000 Item,
2347 3945 2494 3986 cum
2561 3921 2907 3986 Dominus⁴
2956 3921 3119 4000 Rex,
3182 3941 3301 4006 pro
3366 3919 3759 3984 attrahendo
3826 3921 4039 4006 ipsum

1951 4033 1988 4060 “
2037 4035 2050 4058 ‘
2081 4021 2134 4060 ¹2
2153 4025 2474 4090 Thomam
2543 4023 2869 4090 Comitem
2928 4023 3001 4086 in
3046 4023 3315 4102 bonum,
3362 4027 3441 4086 ut
3498 4021 3899 4110 praedicitur,
3966 4021 4041 4086 in

1949 4135 1984 4162 “
2031 4135 2046 4164 ‘
2077 4131 2222 4192 toto
2253 4149 2438 4216 posse
2485 4149 2602 4194 suo
2649 4123 2700 4162 ¹3
2719 4125 3247 4206 contrarientem,
3282 4125 3539 4190 diversa
3584 4125 3757 4188 dona
3802 4147 4041 4212 magna

1949 4235 1988 4268 “
2037 4239 2054 4264 ‘
2085 4233 2162 4296 de
2223 4231 2432 4308 terris,
2505 4229 2833 4308 dominiis,
2898 4233 2967 4292 et
3034 4227 3471 4306 libertatibus,
3522 4227 3869 4294 obtulisset
3926 4251 4045 4314 per

1953 4341 1988 4368 “
2037 4339 2052 4366 ‘
2081 4333 2300 4418 plures
2375 4333 2564 4410 vices,
2629 4341 2696 4396 et
2777 4329 3081 4416 quaedam
3166 4333 3353 4410 dona,
3428 4329 3715 4396 diversas
3798 4331 4045 4416 gratias

1955 4439 1992 4470 “
2041 4441 2056 4466 ‘
2087 4439 2154 4498 et
2205 4435 2726 4522 perdonationes,
2771 4455 2889 4520 per
2952 4435 3213 4500 chartas
3274 4457 3425 4500 suas
3504 4435 3711 4498 eidem
3778 4433 4045 4500 Thomae

1955 4545 1990 4620 ‘.‘
2039 4543 2068 4570 “
2095 4535 2340 4602 Comiti
2387 4537 2660 4614 fecisset,
2693 4535 2873 4602 idem
2902 4541 3127 4602 tamen
3160 4535 3443 4602 Thomas
3476 4537 3711 4602 Comes
3752 4533 3801 4572 ¹4
3818 4541 4045 4602 contra

1957 4643 1994 4674 “
2041 4647 2058 4674 ‘
2089 4639 2334 4726 Regem
2377 4637 2636 4704 rebellis
2683 4639 2915 4704 extitit
2960 4643 3025 4704 et
3070 4639 3471 4716 inobedienS,
3516 4661 3769 4726 semper
3810 4639 3883 4704 in
3912 4663 4047 4704 ma-

1955 4749 1994 4776 “
2039 4749 2054 4774 ‘
2083 4741 2232 4806 litia
2277 4763 2394 4806 sua
2443 4737 2494 4776 ¹⁵
2511 4763 2943 4828 perseverans
3038 4743 3231 4822 Item,
3272 4743 3447 4808 idem
3494 4743 3773 4808 Thomas
3820 4743 4051 4808 Comes

1961 4849 2000 4878 ‘⁶
2047 4851 2062 4878 ‘
2093 4845 2274 4908 misit
2303 4845 2622 4930 quosdam
2651 4843 2895 4910 milites
2940 4845 3021 4908 de
3052 4845 3303 4908 familia
3332 4867 3451 4908 sua
3496 4845 3673 4932 apud
3718 4845 4053 4910 civitatem

1961 4951 1998 4980 “
2045 4953 2060 4980 ‘
2093 4947 2384 5026 Eboraci,
2455 4947 2542 5010 ad
2615 4947 3085 5012 attrahendum
3160 4947 3701 5012 communitatem
3768 4947 4053 5034 ejusdem

1961 5055 1998 5084 ‘⁶
2041 5055 2058 5080 ‘
2089 5049 2396 5130 civitatiS,
2473 5055 2542 5114 et
2617 5049 2983 5114 custodiam
3048 5049 3353 5136 ejusdem,
3416 5051 3491 5116 in
3552 5073 3789 5118 manus
3846 5049 4053 5140 ipsius

2025 5265 2042 5294 ¹
2075 5265 2280 5316 Thomas
2309 5263 2478 5316 Comes
2499 5263 2552 5314 in
2575 5265 2660 5314 the
2683 5263 2905 5316 Foedera.
3120 5269 3139 5296 ⁹
3162 5265 3425 5316 Dominum
3438 5265 3617 5332 Reyem
3638 5265 3693 5316 in
3714 5267 3801 5316 the
3816 5265 4039 5320 Faedera.

2027 5345 2046 5376 ²
2067 5353 2114 5394 et
2135 5345 2342 5398 omitted
2363 5345 2418 5394 in
2443 5345 2528 5394 the
2549 5343 2604 5394 F
2599 5343 2772 5394 oedera.
3120 5347 3159 5376 ¹⁰
3180 5363 3331 5410 usque
3350 5347 3543 5396 circiter
3566 5345 3621 5394 in
3642 5345 3727 5398 the
3748 5345 3971 5398 Foedera.

2027 5427 2046 5454 ⁸
2059 5443 2156 5490 pro
2175 5427 2534 5476 manutenentia
2555 5427 2612 5474 in
2633 5423 2720 5472 the
2743 5421 2963 5476 Foedera.
3120 5427 3157 5456 ¹¹
3166 5427 3417 5490 juraverit
3436 5425 3493 5474 in
3512 5425 3597 5474 the
3618 5425 3843 5476 Foedera.

2027 5505 2048 5534 ⁴
2071 5505 2316 5556 eorundem
2369 5505 2744 5570 malefactorum.
2779 5503 2837 5552 in
2882 5503 2967 5554 the
3120 5505 3159 5536 ²2
3182 5505 3407 5556 Omitted
3428 5505 3483 5554 in
3504 5505 3591 5554 the
3612 5503 3837 5554 Foedera.

1965 5579 2184 5634 Foedera.
3122 5585 3159 5616 ¹³
3180 5587 3551 5634 contrarietatem
3572 5583 3629 5634 in
3648 5583 3735 5634 the
3758 5583 3977 5634 Foedera.

2029 5667 2050 5694 ⁵
2065 5665 2270 5716 subiisse
2291 5665 2464 5714 meruit
2481 5661 2536 5714 in
2557 5663 2642 5714 the
2663 5661 2887 5714 Foedera.
3122 5665 3161 5694 ¹4
3186 5667 3295 5714 totis
3328 5661 3531 5722 υἰνὶὂαε,
3580 5671 3751 5712 contra
3794 5663 4055 5714 Dominum

2031 5747 2052 5776 ὃ
2075 5743 2216 5812 legem
2251 5783 2264 5796 .
2301 5781 2314 5796 .
2351 5783 2366 5796 .
2399 5743 2780 5796 consuetudinem
2804 5741 2863 5792 111
2882 5743 2967 5794 the
3058 5743 3253 5808 Reyem,
3272 5743 3329 5792 in
3348 5743 3433 5794 the
3456 5741 3681 5792 Foedera.

1945 5823 2186 5876 ’Foederm
3126 5823 3165 5852 ¹⁵
3170 5823 3417 5888 facienda
3462 5839 3789 5886 perseverans
3852 5823 3909 5872 in
3972 5823 4057 5874 the

2031 5909 2050 5934 ⁷
2071 5905 2190 5956 idem
2213 5913 2368 5956 tamen
2389 5905 2446 5956 111
2467 5905 2552 5956 the
2577 5903 2797 5954 Foedera.
3060 5903 3279 5954 Foedera.

2029 5985 2050 6018 ⁸
2071 5993 2254 6036 tantum
2275 5985 2414 6052 apud
2431 5985 2486 6036 in
2507 5985 2594 6036 the
2615 5985 2835 6038 Foedera.

4250 5093 4257 5100 ι

4338 5037 4351 5178 Ἆ..Ὗ
4334 4645 4347 4964 „mn-mnu·-
4336 4529 4347 4624 υ
4338 3785 4351 4484 Q.
