5559 8242
2292 2067 2497 2114 LIBER
2548 2067 2641 2114 DE
2692 2067 3312 2118 BENEertromssus.
3715 2057 3846 2124 457

1762 2255 1979 2318 fuerat
2046 2255 2131 2318 ad
2192 2255 2673 2322 fraternitatem
2744 2257 3054 2344 Capituli,
3117 2257 3362 2322 librum
3441 2257 3842 2334 Catholicon,

1762 2361 1827 2422 et
1886 2361 2107 2422 totum
2170 2357 2417 2442 Corpus
2466 2361 2515 2424 J
2516 2361 2651 2424 uris
2716 2357 2990 2438 Civilis3
3059 2359 3278 2422 studio
3341 2379 3496 2420 vero
3543 2359 3840 2434 AbbatiS,

1758 2461 1975 2522 totum
2024 2457 2273 2544 Corpus
2328 2459 2375 2522 J
2378 2461 2511 2522 uris
2562 2457 2912 2538 Canonici3
2975 2463 3042 2522 et
3093 2457 3382 2542 ¹legavit
3431 2457 3698 2520 cuilibet
3761 2459 3842 2520 de

1760 2561 2107 2626 Conventu
2140 2559 2575 2646 quadraginta
2620 2559 2936 2624 denarios,
3029 2561 3118 2622 Et
3165 2559 3560 2622 condonavit
3591 2559 3842 2622 Abbati

1758 2669 1823 2728 et
1872 2661 2247 2726 Conventui
2290 2667 2547 2726 centum
2598 2661 2800 2726 libras
2845 2661 3124 2746 argenti,
3171 2661 3304 2724 illis
3349 2661 3678 2748 praestitas
3723 2683 3840 2748 pro

1754 2765 2211 2848 impetratione
2256 2785 2575 2828 novorum
2620 2763 3114 2848 privilegiorum
3159 2763 3230 2826 in
3263 2763 3560 2826 Romana
3603 2763 3840 2842 Curia3

1754 2863 1779 2898 2
1798 2863 2053 2946 scilicet,
2104 2869 2183 2930 ut
2236 2885 2455 2928 omnes
2504 2869 2571 2928 et
2616 2865 2876 2950 singuli,
2927 2865 3040 2948 qui
3101 2865 3452 2928 successive
3509 2865 3838 2950 perpetuis

1752 2967 2155 3048 temporibus
2200 2967 2273 3028 in
2316 2967 2611 3030 Abbates
2680 2967 2876 3048 hujus
2941 2967 3342 3042 Monasterii,
3407 2987 3552 3028 cum
3613 2987 3838 3030 vacare

1752 3067 2117 3154 contigerit,
2164 3087 2477 3130 consensu
2530 3067 2667 3130 Con
2678 3073 2908 3130 ventus
2981 3065 3170 3130 electi
3233 3065 3498 3144 fuerint,
3557 3087 3630 3130 eo
3673 3069 3834 3150 ipsc,

1750 3173 1993 3252 absque
2058 3167 2185 3232 alia
2248 3169 2757 3244 confirmatione,
2817 3167 2954 3232 sint
3015 3169 3158 3230 veri
3211 3167 3526 3246 AbbateS,
3591 3173 3660 3232 et
3719 3191 3834 3254 pro

1754 3269 1995 3334 talibus
2042 3275 2445 3334 censeantur.

1836 3371 2157 3436 Dominus
2202 3369 2423 3432 David
2470 3369 2850 3450 Wellovere,
2887 3369 3176 3434 Clericus
3223 3369 3614 3436 Rotulorum
3661 3369 3830 3438 Can-

1750 3473 2023 3538 cellariae
2068 3473 2283 3558 regiae,
2330 3473 2613 3536 contulit
2658 3471 2812 3536 huic
2875 3473 3278 3536 Monasterio
3323 3473 3568 3558 viginti
3613 3473 3828 3540 libras.

1838 3573 2157 3636 Dominus
2202 3575 2249 3638 J
2250 3573 2539 3638 ohannes
2586 3573 2906 3656 Lowkyn,
2961 3573 3326 3638 Canonicus
3371 3575 3650 3640 ecclesiae
3689 3597 3832 3660 quae

1750 3679 1847 3738 est
1912 3675 2267 3740 Londoniis
2330 3677 2505 3760 apud
2570 3675 3116 3760 Elsyngspytelle,
3165 3681 3230 3738 et
3297 3681 3602 3740 executor
3665 3677 3830 3740 A'dae

1750 3777 2069 3860 Lowkyn,
2136 3777 2417 3840 contulit
2486 3799 2603 3864 pro
2674 3777 2894 3840 anima
2941 3777 3230 3860 ejusdem
3277 3777 3458 3856 Adae,
3523 3777 3606 3840 ad
3647 3799 3828 3864 opus

1748 3879 2031 3954 claustri,
2078 3879 2325 3962 viginti
2366 3901 2629 3942 marcas.

1834 3979 2155 4042 Dominus
2206 3979 2519 4044 Ricardus
2568 3979 2771 4058 Cotel‚
2821 3983 3034 4044 rector
3081 3981 3160 4044 de
3205 3981 3338 4044 Bar
3387 3985 3470 4056 et,
3519 3981 3700 4044 dedit
3743 3981 3828 4044 ad

1746 4101 1905 4164 opus
1950 4079 2241 4164 coquinae
2290 4081 2669 4146 Conventus
2716 4081 3154 4166 quadraginta
3201 4083 3454 4146 soldos·

1852 4181 2173 4246 Dominus
2250 4183 2613 4246 Willelmus
2690 4183 2958 4266 Burges,
3039 4155 3370 4268 quondam
3459 4189 3668 4248 rector
3743 4185 3824 4246 de

1744 4283 2287 4366 Northmymmis,
2336 4285 2619 4348 contulit
2664 4285 2930 4368 fabricae
2975 4285 3272 4368 coquinae
3315 4289 3560 4350 nostrae
3605 4285 3824 4348 decem

1740 4405 2005 4462 marcas
2068 4391 2135 4450 et
2200 4387 2271 4448 in
2334 4393 2541 4450 morte
2612 4387 2828 4452 decem
2891 4409 3140 4450 marcas
3201 4387 3356 4450 huic
3425 4387 3824 4452 Monasterio

1738 4487 2001 4572 legavit.

1826 4587 2141 4674 Magister
2166 4589 2529 4652 Willelmus
2562 4587 2980 4652 Tankerville
3011 4589 3294 4654 contulit
3325 4589 3408 4652 ad
3441 4611 3602 4674 opus
3629 4611 3820 4654 novae

1736 4695 1945 4776 portae
1992 4695 2251 4754 centum
2300 4691 2559 4770 solidos,
2612 4695 2679 4754 et
2724 4693 2992 4754 tantum
3041 4691 3124 4752 ad
3171 4713 3334 4776 opus
3383 4691 3664 4754 claustri.

1822 4791 2141 4878 Magister
2200 4791 2247 4856 J
2250 4791 2535 4856 ohannes
2588 4791 2922 4876 Enderby,
2977 4793 3246 4854 clericus
3297 4791 3320 4826 ³
3339 4791 3816 4870 Archidiaconi,

1734 4893 1989 4978 legavit
2032 4893 2303 4956 cuilibet
2348 4893 2665 4956 monacho
2710 4893 3054 4956 duodecim
3101 4893 3420 4956 denarios

1822 4995 2141 5080 Magister
2182 4995 2231 5058 J
2236 4995 2521 5060 ohannes
2568 4993 2826 5078 Wyliot
2869 4995 3154 5058 contulit
3203 4995 3290 5058 ad
3335 5015 3498 5078 opus
3549 4995 3816 5060 claustri.

1732 5097 1977 5184 viginti
2022 5097 2275 5162 solidos,

1822 5199 2139 5284 Magister
2182 5197 2551 5262 Willelmus
2598 5199 2814 5262 Rouse
2867 5197 3150 5260 contulit
3203 5199 3288 5260 ad
3339 5217 3500 5280 opus
3545 5197 3810 5260 claustri

1730 5301 1975 5388 viginti
2022 5299 2275 5364 solidos.
3323 5303 3330 5308 ”

1820 5401 2143 5466 Dominus
2176 5397 2557 5476 Willelmus,
2586 5399 2872 5464 vicarius
2907 5399 2984 5462 de
3017 5397 3390 5474 Redburna,
3425 5397 3608 5462 dedit
3641 5397 3810 5462 Con-

1732 5501 1963 5566 ventui
2008 5501 2257 5586 viginti
2302 5501 2553 5566 solidos,

1730 5649 1733 5652 -
1814 5605 2137 5668 Dominus
2186 5603 2495 5688 Rogerus‚
2548 5601 2938 5688 Capellanus
2983 5601 3264 5688 Capellae
3309 5601 3586 5668 Comitis
3623 5601 3808 5668 War-

1726 5705 1899 5788 wyci
1936 5707 2015 5770 de
2046 5703 2435 5784 Flamstede,
2470 5705 2753 5770 contulit
2785 5707 2866 5768 ad
2901 5727 3060 5792 opus
3107 5705 3374 5770 claustri
3419 5727 3536 5780 sex
3571 5705 3808 5772 solidos

1794 5913 1809 5944 ³
1832 5913 1873 5960 le
1916 5913 1973 5960 in
2016 5913 2139 5976 orig.
2164 5935 2179 5970 3
2228 5917 2481 5964 corrected
2546 5913 2601 5964 in
2646 5913 2731 5964 the
2867 5915 2886 5944 ²
2907 5913 2972 5964 sil
2989 5913 3046 5962 in
3069 5913 3192 5978 orig.

1726 5991 1933 6054 margin,
1958 5991 2011 6040 in
2038 6007 2069 6040 a
2088 5991 2213 6042 later
2236 5991 2387 6044 hand.
2863 5997 2882 6024 ³
2903 5993 3222 6044 Archz‘dz'com'
3239 5993 3296 6042 in
3317 5993 3444 6060 orig.
