5559 8242
2394 2055 2593 2106 REGIS
2638 2053 2930 2106 ANGLIAE.
3585 2043 3710 2112 269

1628 2247 1789 2314 scire
1828 2249 2137 2332 poterant
2182 2243 2437 2330 aliquos
2466 2243 2551 2310 de
2578 2241 2844 2310 ballivis
2889 2245 3038 2320 suiS,
3071 2243 3512 2328 cujuscunque
3557 2265 3708 2310 con·
3733 2277 3800 2332 A
3803 2279 3868 2330 D
3897 2281 4038 2330 1399

1628 2349 1897 2414 ditionis
1926 2349 2189 2424 fuerint,
2220 2347 2483 2434 aliquod
2528 2345 2775 2412 malum
2811 2347 3020 2412 dicere
3053 2345 3194 2412 sive
3225 2345 3400 2432 loqui
3431 2348 3704 2432 publice,
3731 2345 3952 2396 Artieles
3977 2347 4036 2396 of

1624 2451 1729 2514 vel
1790 2451 2053 2524 occulte,
2104 2449 2275 2534 quod
2338 2451 2559 2514 cedere
2614 2453 2832 2534 posset
2893 2449 2966 2512 in
3015 2447 3290 2514 dedecus
3353 2453 3470 2512 aut
3521 2471 3706 2514 scan-
3731 2415 4014 2542 Ξὲζῗζζῖοῃ

1624 2551 1847 2616 dalum
1906 2571 2225 2636 personae
2272 2551 2291 2586 ¹
2312 2549 2529 2638 regiae,
2572 2549 2763 2666 ipsos·
2819 2555 3194 2628 arestarent‚
3257 2549 3364 2614 vel
3421 2551 3706 2614 facerent
3729 2545 3872 2662 ξῑῃὲ
3917 2613 3968 2662 d·

1622 2651 1913 2732 arestari,
1962 2657 2029 2716 et
2074 2653 2353 2738 prisonae
2414 2653 2786 2738 mancipari,
2841 2655 2918 2718 in
2975 2653 3194 2718 eadem
3259 2653 3436 2716 salvo
3491 2659 3702 2718 custo-
3775 2627 3824 2662 ¹⁰
3863 2625 3918 2662 ar

1622 2753 1905 2832 diendOS,
1954 2755 2155 2818 donec
2214 2753 2393 2818 aliud
2454 2775 2495 2818 a
2556 2755 2733 2840 Rege
2795 2753 3150 2820 habuerint
3209 2753 3282 2818 in
3341 2755 3704 2834 mandatis;

1618 2859 1815 2940 prout
1846 2855 2111 2940 reperiri
2148 2857 2397 2940 poterit
2444 2857 2523 2920 de
2568 2859 2850 2922 recordo,
2945 2857 3136 2936 Quod
3167 2857 3426 2942 quidem
3455 2857 3700 2922 factum

1618 2961 1835 3042 posset
1876 2955 2323 3022 verisimiliter
2376 2957 2643 3022 tendere
2692 2949 2777 3022 ad
2825 2959 3344 3024 destructionem
3399 2981 3703 3044 quorum-

1616 3081 1869 3144 cunque
1916 3057 2231 3144 ligeorum
2278 3059 2437 3124 dicti
2482 3059 2691 3146 regni.

1704 3161 1895 3240 Item,
1944 3161 2117 3226 idem
2164 3163 2327 3240 Rex,
2372 3163 2595 3226 nitens
2640 3163 3058 3248 suppeditare
3119 3163 3432 3248 populum
3491 3185 3698 3240 suum,

1612 3267 1679 3324 et
1724 3263 1895 3326 bona
1938 3285 2059 3326 sua
2102 3261 2437 3328 subtiliter
2478 3263 2603 3326 sibi
2650 3263 3008 3348 adquirere,
3055 3269 3134 3328 ut
3179 3263 3434 3328 divitiis
3477 3285 3700 3350 super-

1612 3365 1761 3430 fluis
1818 3365 2203 3444 abundaret,
2250 3365 2473 3430 induci
2518 3365 2673 3430 fecit
2730 3367 3048 3452 populum
3103 3369 3182 3432 de
3235 3367 3696 3452 septemdecim

1612 3465 2051 3532 Comitatibus
2096 3467 2281 3552 regni
2340 3467 2441 3532 sui
2494 3465 2581 3530 ad
2626 3467 3150 3532 submittendum
3203 3489 3268 3532 se
3317 3467 3498 3552 Regi,
3545 3473 3696 3532 tan-

1610 3591 1807 3654 quam
1850 3569 2233 3656 proditoreS,
2278 3591 2395 3654 per
2440 3569 2695 3634 litteras
2740 3571 2862 3632 sub
2909 3567 3142 3654 sigillis
3203 3591 3464 3646 eorum;
3509 3569 3692 3654 cujus

1606 3673 1831 3750 colore,
1880 3671 2171 3736 obtinuit
2232 3693 2503 3756 magnas
2558 3693 2846 3734 summas
2897 3669 3326 3756 pecuniarum
3371 3669 3496 3734 sibi
3543 3693 3692 3734 con-

1606 3775 1747 3838 cedi
1812 3795 1929 3860 per
1986 3775 2227 3838 clerum
2292 3779 2359 3838 et
2416 3773 2731 3858 populum
2795 3771 3252 3836 Comitatuum
3319 3773 3692 3852 eorundem,

1602 3897 1719 3960 pro
1794 3875 2251 3940 benevolentia
2328 3873 2527 3960 Regis
2602 3873 2942 3960 captanda
3065 3873 3156 3938 Et
3231 3873 3566 3958 quamvis‘
3603 3875 3688 3938 ad

1602 3977 1987 4062 placendum
2046 3977 2287 4062 populo
2344 3975 2521 4040 idem
2584 3975 2731 4038 Rex
2789 3977 3032 4038 fecerat
3077 3975 3206 4038 illis
3269 3975 3530 4038 restitui
3575 3977 3686 4038 lit·-

1600 4083 1773 4142 teras
1860 4077 1887 4114 2
1908 4077 2059 4140 illas
2126 4077 2571 4162 obligatoriaS,
2656 4083 2880 4144 tamen
2959 4083 3408 4162 procuratores
3481 4077 3686 4162 ipsius

1600 4179 1839 4266 populi,
1900 4179 2217 4244 habentes
2278 4179 2635 4264 plenariam
2698 4183 3098 4264 potestatem
3161 4179 3250 4242 eis
3323 4199 3684 4242 concessam

1600 4281 1683 4344 ad
1742 4279 2163 4366 obligandum
2224 4301 2291 4344 se
2354 4285 2419 4344 et
2478 4279 2767 4344 haeredes
2827 4301 2978 4344 suos
3039 4281 3212 4344 dicto
3277 4281 3458 4364 Regi,
3511 4281 3680 4346 idem

1598 4383 1623 4418 ³
1644 4383 1797 4446 fecit
1846 4381 2119 4466 obligari
2164 4381 2309 4458 sibi,
2356 4381 2475 4446 sub
2528 4381 2761 4466 sigillis
2811 4401 3052 4458 eorum,
3095 4383 3360 4448 nomine
3395 4383 3682 4466 ejusdem

1596 4485 1859 4572 populi3
1904 4485 2119 4568 sicque
2182 4483 2437 4568 decepit
2496 4483 2810 4570 populum
2855 4507 3064 4562 suum,
3117 4491 3186 4550 et
3235 4487 3406 4548 bona
3457 4505 3680 4548 eorum

1594 4585 1923 4652 subtiliter
1966 4587 2399 4670 extorquebat
2446 4587 2529 4650 ab
2576 4587 2681 4650 eis.

1680 4687 1869 4764 Item,
1934 4689 2233 4772 quamvis
2288 4687 2461 4752 idem
2518 4687 2665 4750 Rex
2716 4687 2786 4750 in
2845 4687 3282 4752 Coronatione
3331 4711 3446 4752 sua-
3491 4689 3676 4770 jura-

1590 4787 1761 4852 verit
1810 4787 1889 4852 de
1948 4789 2265 4852 servando
2326 4787 2665 4852 libertates
2724 4787 3032 4852 Ecclesiae
3089 4789 3472 4874 Anglicanae
3523 4811 3672 4854 con-

1588 4911 1813 4968 cessas„
1858 4895 2083 4954 tamen
2128 4889 2339 4956 dictus
2386 4889 2547 4968 Rex,
2592 4889 2852 4954 ratione
2903 4887 3106 4974 via-gii
3159 4889 3260 4952 sui
3311 4889 3382 4952 in
3425 4893 3672 4954 terram

1588 4991 1929 5056 Hiberniae
1988 4991 2289 5070 faciendi,
2344 4991 2842 5078 quampluribus
2895 4991 3056 5054 viris
3109 4991 3440 5076 religiosis
3487 4991 3668 5056 vide-

1586 5093 1755 5172 licet,
1800 5095 2175 5158 Abbatibus
2206 5099 2275 5158 et
2306 5093 2641 5160 Prioribus
2668 5093 2856 5180 regni
2889 5093 3008 5170 sui,
3041 5115 3158 5180 per
3183 5091 3436 5156 litteras
3467 5091 3494 5128 4
3515 5115 3668 5156 suas

1582 5193 1875 5260 districte
1914 5195 2349 5282 praecipiendo
2392 5197 2755 5274 mandavit,
2805 5203 2880 5262 ut
2933 5217 3158 5260 eorum
3201 5193 3408 5282 aliqui
3453 5199 3664 5260 certos

1582 5319 1797 5382 equoS,
1848 5303 1915 5362 et
1966 5297 2171 5382 aliqui
2214 5299 2567 5362 eorundem
2608 5319 2745 5362 non
2793 5297 3026 5360 solum·
3057 5319 3272 5382 equos,
3301 5295 3414 5360 sed
3461 5295 3660 5360 etiam

1582 5399 1943 5484 quadrigas,
1988 5399 2127 5462 sive
2174 5397 2521 5478 charectas,
2572 5397 2866 5484 alioquin
2917 5421 3188 5484 magnas
3235 5397 3660 5484 pecuniarum

1580 5521 1881 5580 summaS,
1934 5499 2143 5564 eidem
2202 5501 2367 5586 Regi
2424 5523 2543 5586 pro
2602 5501 2777 5566 dicto
2837 5499 3056 5586 viagio
3115 5499 3658 5576 transmitterent,

1642 5729 1807 5796 ‘reyis
1858 5729 1915 5778 in
1968 5729 2209 5778 Faustina
2248 5731 2309 5778 B.
2342 5729 2413 5778 ix.
2462 5733 2563 5780 and
2662 5729 2960 5794 Twystlen’s
2981 5735 3106 5778 text.

1576 5807 1867 5872 Twysden's
1890 5813 2011 5858 text.
2726 5809 2743 5838 ⁴¹
2764 5811 2870 5856 suis
2909 5809 2968 5858 in
3011 5807 3170 5874 orig.;
3229 5811 3482 5860 corrected
3523 5809 3650 5860 from

1636 5887 1657 5914 ²
1680 5903 1799 5936 suas
1820 5887 1875 5934 in
1896 5885 2137 5936 Faustina
2158 5887 2219 5936 Β.
2242 5887 2315 5936 ix.
2656 5885 2896 5936 Faustina
2913 5887 2974 5954 B.
3001 5885 3072 5938 ix.

1638 5967 1657 5994 ³
1678 5965 1945 6030 Rex-fecit,
1968 5963 2023 6012 in
2044 5965 2283 6016 Faustina
2292 5965 2353 6016 Β.
2368 5965 2439 6016 ix,
2456 5967 2557 6016 ancl
2774 5979 2783 5982 ‘⁴
