5559 8242
2397 2671 3251 2766 APPENDIX.

1855 3019 2076 3086 LIBER
2135 3035 2228 3084 DE
2297 3019 2917 3088 BENEFAOTORIBUS
2984 3021 3427 3088 MONASTERII
3492 3021 3745 3086 SANOTI

2189 3123 2476 3202 ALBANI,
2525 3139 2999 3190 COMPENDIOSE
3046 3141 3451 3190 conracius,

2225 3269 2366 3334 [MS.
2389 3269 2520 3320 coll.
2547 3267 2698 3336 corp.
2725 3269 2931 3334 Christi,
2956 3271 3105 3322 Cant.
3132 3271 3227 3322 No.
3250 3271 3403 3336 Vll]

1851 3393 2008 3458 Post
2067 3393 2262 3478 primi
2325 3393 2616 3478 parentis
2681 3393 3141 3480 praecipitium,
3206 3393 3339 3480 qui,
3414 3397 3629 3458 tactus
3686 3397 3853 3478 typo

1763 3495 2098 3580 superbiae,
2153 3497 2302 3558 astu
2361 3495 2752 3582 serpentino,
2800 3519 2913 3582 per
2958 3501 3225 3584 gustum
3272 3495 3401 3562 cibi
3446 3495 3659 3576 vetiti,
3710 3519 3855 3560 cum

1759 3603 1904 3664 tota
1949 3619 2068 3662 sua
2111 3597 2510 3682 posteritate,
2567 3599 2799 3664 mortis
2854 3597 3129 3686 imperio
3186 3621 3253 3664 se
3314 3597 3609 3684 subjecit,
3652 3599 3857 3684 coepit

1761 3699 2062 3764 inimicus
2095 3697 2340 3780 ¹h0m0,
2373 3699 2690 3780 diabolus,
2721 3703 2797 3764 in
2830 3705 3047 3766 totum
3082 3723 3291 3786 genus
3324 3699 3687 3764 humanum
3724 3699 3855 3786 ιΪ1115,

1763 3801 1938 3888 quod
1999 3823 2134 3866 non
2195 3823 2310 3886 per
2377 3809 2682 3866 naturam
2745 3801 3185 3868 humanitatis
3248 3801 3365 3868 sed
3426 3825 3541 3888 per
3596 3803 3855 3888 culpam

1759 3903 2012 3982 habuit,
2055 3925 2384 3984 exercere3
2431 3909 2502 3968 et
2543 3927 2722 3972 more
2773 3905 3141 3992 tyrannicO,
3176 3909 3409 3990 utpote
3450 3903 3735 3986 invasor,
3782 3903 3853 3968 in

1757 4027 2030 4070 messem
2089 4005 2372 4070 alienam
2433 4005 2666 4074 falcem
2731 4009 3015 4086 mittere,
3078 4011 3145 4074 et
3204 4007 3565 4086 humanum
3626 4029 3847 4094 genUS,

1757 4131 1892 4174 suae
1923 4107 2162 4172 ditioni
2201 4107 2568 4194 subjectum
2599 4109 3069 4188 fraudulenter,
3102 4087 3423 4198 violenter
3468 4109 3849 4196 opprimere,
3884 4101 3887 4108 ’

1753 4215 1820 4276 et
1883 4231 2264 4298 oppressum
2327 4233 2462 4274 non
2529 4211 2740 4278 solum
2810 4209 3285 4290 miserabiliter,
3320 4211 3523 4276 immo
3566 4209 3851 4276 immise-

1755 4313 2114 4392 ricorditer,
2155 4313 2462 4380 detinere.
2539 4311 2744 4400 Cujus
2790 4313 3193 4400 oppressioni
3228 4313 3627 4400 compatiens
3656 4315 3859 4382 mise-⁴

1755 4415 2180 4480 ricordiarum
2243 4415 2584 4496 DominuS,
2631 4417 2819 4502 cujus
2878 4419 2981 4480 est
3034 4419 3277 4482 natura
3340 4417 3615 4494 bonitaS,
3664 4417 3849 4502 cujus

1757 4539 1916 4602 opus
1963 4517 2422 4596 misericordia,
2485 4521 2554 4582 et
2615 4519 2696 4582 de
2761 4519 3053 4604 parentis
3122 4515 3149 4552 2
3170 4519 3561 4604 protoplasti
3620 4517 3849 4584 fraude

1753 4619 1928 4684 facta
1971 4619 2334 4696 condolenS,
2379 4611 2634 4698 statuit,
2703 4641 2819 4706 per
2862 4619 3113 4686 Filium
3174 4643 3365 4686 suum
3408 4619 3847 4706 unigenitum,

1753 4723 2132 4788 mortalium
2189 4743 2396 4808 genus
2457 4721 2704 4808 eripere
2765 4745 2807 4786 a
2850 4725 3175 4788 servitute
3236 4725 3601 4808 tyrannica,
3648 4727 3717 4788 et
3762 4723 3845 4786 ad

1753 4829 2004 4890 statum
2055 4825 2470 4902 innocentiae,
2505 4847 2546 4888 a
2591 4847 2718 4912 quo
2765 4827 3113 4912 deceptum
3156 4825 3551 4906 deviaverat,
3596 4827 3847 4892 miseri-

1753 4929 2036 4994 corditer
2081 4949 2394 5014 reparare.

1841 5031 2062 5116 Igitur
2105 5031 2232 5094 Dei
2285 5029 2512 5110 Filius,
2561 5017 2923 5094 Secundum
2982 5029 3467 5116 plenitudinem
3510 5031 3839 5116 temporie,

1751 5153 1948 5218 quam
1993 5131 2208 5196 divini
2251 5133 2508 5196 consilii
2551 5127 2997 5196 inscrutabilis
3042 5131 3325 5196 altitudo
3372 5131 3709 5216 disposuit,
3742 5153 3843 5198 re-

1749 5233 2222 5298 conciliandam
2249 5231 2524 5298 Auctori
2569 5255 2702 5314 SUO,
2743 5239 3051 5298 naturam
3092 5233 3445 5322 assumpsit
3472 5233 3843 5310 humanam,

1749 5341 1826 5402 ut
1883 5337 2192 5402 inventor
2249 5335 2496 5412 mortis,
2543 5335 2859 5418 diabolus,
2908 5361 3023 5424 per
3066 5337 3279 5422 ipsam
3336 5357 3537 5420 quam
3576 5337 3843 5414 vicerat,
3916 5363 3921 5372 ·

1747 5437 2138 5504 vinceretur.
2233 5439 2318 5502 In
2377 5457 2508 5522 quo
2575 5461 2692 5524 pro
2759 5439 2953 5504 nobis
3020 5459 3261 5524 magno
3328 5443 3399 5502 et
3462 5439 3843 5504 admirabili

1735 5541 1886 5624 jure
1931 5541 2266 5624 aequitatis
2313 5543 2638 5604 certatum
2683 5545 2799 5616 est,
2836 5541 2993 5604 dum
3038 5541 3469 5624 Omnipotens
3516 5539 3839 5610 Dominus

1739 5637 1886 5706 cum
1955 5641 2310 5706 saevissimo
2373 5641 2578 5718 hoste,
2627 5661 2762 5706 non
2826 5643 2901 5706 in
2972 5665 3093 5708 sua
3154 5641 3517 5728 majestate,
3584 5645 3701 5708 sed
3762 5643 3835 5708 in

1739 5751 1964 5810 nostra
2005 5745 2398 5820 humilitate,
2445 5745 2889 5832 congreditur,
2928 5745 3239 5832 objiciens
3286 5745 3345 5810 ei
3390 5745 3663 5812 eandem
3708 5745 3837 5810 for-

1805 5979 1836 6056 ¹·
1849 5979 2102 6042 Probably
2143 5979 2202 6026 in
2245 5979 2468 6030 allusion
2497 5985 2558 6028 to
2603 5979 2760 6032 Mate.
2790 5985 2809 6126 Ι
2914 5981 2935 6010 ²
2952 5979 3285 6046 prothoplasti
3302 5979 3357 6030 in
3384 5981 3507 6048 orig.

1743 6057 1850 6108 xiii.
1877 6063 1958 6108 28.
