5559 8242
1906 2041 2033 2104 160
2432 2047 2747 2100 ANNALES
2791 2047 3080 2100 RIOARDI
3143 2049 3458 2112 smmum,

1570 2247 1707 2302 Aa).
1732 2253 1877 2298 1393.
1902 2241 2067 2304 alios
2110 2237 2295 2324 regni
2340 2239 2707 2326 proditores
2766 2259 2884 2324 per
2939 2241 3234 2304 medium
3277 2241 3468 2324 regni
3513 2237 3802 2324 undique
3847 2259 3994 2324 per-

1902 2341 2195 2418 scrutari,
2242 2341 2657 2426 quorundam
2706 2339 2725 2376 ¹
2750 2341 3228 2406 collateralium
3275 2341 3494 2426 Regis,
3541 2345 3622 2406 ut
3669 2337 3834 2404 falso
3893 2361 3992 2404 as-

1906 2449 2221 2524 severant,
2268 2443 2561 2508 animati.
2656 2445 2948 2524 Quorum
2999 2443 3268 2528 quidem
3311 2465 3550 2522 rumor,
3599 2445 3766 2508 sicut
3809 2443 3994 2530 regni

1904 2547 2129 2612 fideles
2174 2569 2259 2612 ex
2302 2547 2559 2612 malitia
2618 2547 3114 2612 insurrectionis
3173 2545 3430 2610 ultimae
3475 2545 3868 2610 sufficienter
3913 2567 3998 2610 ex

1904 2653 2089 2734 parte
2132 2649 2491 2736 plurimum
2534 2649 2906 2734 perterruit,
2939 2647 3032 2712 sic
3077 2647 3432 2712 malevolos
3477 2647 3566 2712 ad
3607 2647 3994 2726 vindictam,

1906 2755 1975 2814 et
2018 2751 2243 2836 inopes
2288 2753 2625 2836 promptos
2668 2751 2757 2814 ad
2817 2751 3138 2838 rapinam,
3197 2773 3332 2814 non
3375 2751 3794 2814 mediocriter
3839 2751 3866 2786 2
3887 2771 3998 2826 ex-

1904 2851 2255 2932 hilaravit3
2300 2873 2447 2916 cum
2494 2853 2777 2938 populus
2821 2851 3086 2918 illarum
3131 2853 3440 2940 partium,
3485 2873 3572 2916 ex
3617 2851 3718 2916 sui
3765 2851 3998 2938 capitis

1904 2955 2197 3030 levitate,
2258 2953 2347 3018 ad
2410 2953 2653 3018 similia
2716 2957 3156 3040 perpetranda
3215 2979 3300 3020 ex
3363 2955 3834 3020 consuetudine
3911 2955 3998 3018 sit

1906 3051 2187 3140 pronior,
2248 3075 2331 3120 ex
2390 3055 2687 3142 pristinis
2746 3057 2948 3120 etiam
3007 3057 3200 3120 bellis
3259 3063 3326 3122 et
3385 3057 3634 3122 mutuis
3695 3057 3874 3120 inter
3933 3079 3998 3120 se

1906 3157 1933 3194 3
1954 3157 2535 3244 disceptationibus
2562 3159 2761 3222 armis
2793 3159 3194 3238 instructior,
3227 3165 3294 3226 et
3325 3159 3578 3226 caeteris
3623 3159 3812 3246 regni
3843 3181 3998 3244 gen-

1906 3261 2087 3324 tibus
2132 3259 2219 3322 ad
2266 3261 2804 3346 compescendum
2853 3259 3190 3326 difficilior.

1996 3361 2145 3426 Rex
2208 3361 2451 3446 itaque,
2516 3369 2581 3428 et
2646 3363 2786 3448 ejus
2855 3363 3236 3438 Consilium,
3293 3361 3448 3426 licet
3509 3363 3590 3428 de
3651 3363 4002 3448 praemissis

1908 3463 2305 3548 aliquotiens
2366 3463 2779 3544 certificatus,
2831 3487 2914 3528 ne
2959 3469 3284 3530 tractatus
3347 3465 3704 3550 praedictus
3765 3465 4002 3530 effectu

1910 3571 2173 3644 careret,
2220 3565 2485 3630 distulit
2542 3567 2904 3632 remedium
2963 3589 3306 3654 apponere,
3353 3567 3460 3630 vel
3507 3567 3650 3654 ejus
3695 3567 4002 3632 amiculos

1578 3673 1689 3752 TIJe
1708 3673 1885 3752 anes
1910 3669 2065 3734 inde
2110 3669 2489 3756 aliqualiter
2532 3669 2896 3746 certiorare,
2941 3669 3040 3732 ita
3085 3673 3164 3732 ut
3209 3669 3288 3732 de
3335 3669 3582 3734 eisdem
3629 3691 3744 3754 per
3787 3669 4004 3734 Duces

1576 3743 1849 3856 Ρξζξξᾶῒί-
1912 3771 2311 3858 Burgundiae
2372 3777 2439 3836 et
2500 3771 2812 3838 Bitturiae
2877 3773 2958 3834 de
3023 3771 3378 3856 praemissis
3449 3771 3758 3856 primitus
3819 3771 4004 3834 inno-

1576 3873 1765 3924 certain
1910 3875 2083 3954 tuit3
2128 3897 2169 3938 a
2212 3873 2451 3960 quibus
2486 3873 2804 3952 ‚solamen
2867 3879 2934 3938 et
2993 3873 3358 3938 subsidium
3419 3875 3872 3952 necessarium,
3919 3897 4004 3938 ex

1576 3941 1803 4056 ssffffs'
1912 3975 2249 4062 sanguinis
2308 3975 2822 4062 propinquitate,
2871 3981 2936 4040 et
2985 3997 3210 4040 eorum
3267 3977 3504 4040 innata
3547 3975 4002 4062 generositate,

1574 4073 1737 4124 home.
1910 4079 2299 4166 promissum
2344 4079 2493 4142 fuit.
2584 4079 2966 4164 Interrupto
3013 4083 3326 4156 tractatU,
3357 4079 3444 4144 ad
3477 4081 3762 4164 patriam
3791 4079 4006 4144 diver-

1910 4185 2155 4262 terunt,
2188 4185 2257 4246 et
2302 4203 2491 4246 suam
2536 4203 2729 4268 super
2764 4181 2894 4244 sibi
2937 4179 3262 4264 impositis
3309 4179 3758 4246 innocentiam
3789 4203 4004 4246 coram

1912 4283 2091 4368 Rege
2136 4287 2203 4348 et
2236 4305 2353 4348 suo
2404 4283 2693 4348 Consilio
2740 4281 3290 4348 demonstrarunt.

1582 4405 1693 4454 The
1714 4405 1867 4454 Duke
2002 4385 2281 4464 Deinde,
2332 4383 2531 4470 Regis
2590 4383 2862 4450 licentia
2907 4389 2974 4448 et
3017 4383 3462 4470 permissione,
3509 4385 3670 4450 Dux
3731 4385 4008 4452 Lancas-

1580 4473 1873 4588 ξέᾖζὲξζζ
1914 4487 2059 4552 triae
2090 4485 2175 4550 ad
2206 4491 2425 4572 partes
2472 4485 2769 4564 Eboraci,
2801 4509 2950 4552 cum
2995 4487 3444 4554 commissione
3491 4491 3560 4552 et
3605 4487 3652 4552 J
3653 4489 4008 4554 usticiariis

1582 4577 1825 4682 opimi-s·-
1916 4589 2131 4674 regiis,
2200 4595 2269 4652 et
2338 4587 2477 4676 ipse
2554 4595 2874 4676 tanquam
2933 4589 2980 4654 J
2985 4591 3356 4656 usticiarius
3421 4591 3818 4676 principalis,
3891 4615 4006 4674 pro

1582 4675 1875 4788 {ffinffffiff
1918 4691 2133 4780 patria
2178 4695 2247 4756 et
2290 4691 2645 4756 rebellibus
2700 4693 3140 4778 pacificandis,
3185 4713 3252 4758 se
3299 4691 3660 4758 transtulit.
3751 4693 4006 4758 Deinde

1584 4803 1893 4868 ofEngland.
1918 4795 2003 4858 ad
2068 4799 2289 4880 partes
2360 4793 2757 4860 Lancastriae
2803 4799 2870 4860 et
2923 4791 3216 4874 Cestriae,
3277 4815 3428 4858 cum
3485 4817 3690 4860 manu
3755 4807 4010 4860 armata

1920 4897 2079 4962 satis
2108 4977 2115 4984 ἦ
2140 4897 2381 4976 valida,
2448 4897 2824 4962 diversurus
2889 4897 3150 4978 fuerat3
3217 4917 3500 4982 namque
3569 4897 3642 4960 in
3709 4899 4010 4980 partibus

1920 4999 2197 5064 Eboraci
2226 4999 2497 5086 grandis
2540 4997 2567 5036 4
2588 4999 2976 5088 disceptatio
3021 4999 3198 5064 inter
3225 4999 3558 5064 valentem
3603 4999 3886 5064 militem
3933 5001 4008 5064 R.

1922 5103 2169 5168 Rokele
2214 5107 2283 5168 et
2328 5103 2679 5188 quemdam
2722 5103 3090 5168 animosum
3135 5103 3480 5180 valettum,
3527 5111 3560 5138 “
3583 5103 3956 5190 Bekwythe
3977 5103 4012 5128 '²

1590 5225 1851 5280 Outbreak
1922 5205 2303 5286 vocitatum,
2372 5229 2613 5292 magna
2680 5205 2972 5292 undique
3039 5207 3382 5292 parentela
3441 5205 3778 5284 suffultos3
3839 5205 4012 5270 unde

1590 5303 1643 5344 at
1664 5295 1823 5342 York.
1924 5309 2133 5394 primo
2178 5309 2393 5372 dictus
2438 5307 2623 5374 miles
2666 5309 3046 5372 interfectus
3093 5307 3338 5374 extitit.
3431 5309 3668 5374 Dictus
3713 5329 3868 5372 vero
3903 5331 4014 5372 va-

1924 5411 2143 5490 lettus,
2192 5411 2217 5448 ⁵
2240 5411 2443 5496 rigori
2480 5409 2649 5494 juris
2692 5407 2719 5446 ⁶
2736 5433 2962 5496 parere
3007 5433 3304 5488 renuens,
3353 5433 3500 5476 cum
3545 5411 3844 5496 plurimis
3891 5411 4014 5476 sibi

1926 5515 1997 5576 in
2042 5513 2217 5578 dicta
2258 5513 2541 5578 factione
2602 5513 3104 5590 adhaerentibus
3151 5511 3402 5578 victum
3461 5535 3654 5578 suum
3697 5513 3770 5578 in
3815 5535 4012 5578 manu

1924 5615 2083 5682 forti
2130 5615 2503 5702 quaeritans,
2546 5615 2906 5680 indictatus
2953 5619 3020 5680 et
3063 5615 3416 5700 utlegatusx
3457 5615 3708 5682 diutius
3769 5615 4016 5682 extitit.

1928 5757 1971 5764 ⁸—-

1992 5821 2007 5850 ¹
2032 5823 2085 5870 A
2098 5823 2239 5870 word
2252 5835 2407 5870 seems
2420 5827 2473 5870 to
2488 5823 2551 5870 be
2566 5819 2771 5870 omitted
2785 5821 2918 5872 here.
3089 5821 3110 5848 ⁴
3131 5819 3392 5884 deceptatio
3417 5819 3472 5868 in
3495 5819 3620 5884 orig.

1990 5903 2011 5932 ²
2032 5901 2335 5952 exhilleravit
2354 5903 2409 5952 in
2432 5903 2555 5966 orig.
3089 5901 3108 5928 ⁵
3129 5901 3284 5964 riyore
3305 5899 3360 5948 in
3383 5899 3508 5964 orig.

1994 5983 2013 6010 ³
2034 5981 2419 6044 deeepatc‘onibus
2438 5979 2491 6030 in
2508 5979 2633 6044 orig.
3087 5981 3106 6008 ⁶
3119 5979 3414 6042 parererein
3425 5979 4020 6042 orig.‚byinadvertence.
