5559 8242
1930 2073 2059 2136 306
2494 2081 2808 2132 ANNALES
2853 2081 3148 2132 ΗΕΝΒΙΟΙ
3195 2083 3476 2146 QUARTI,

1602 2279 2081 2340 A·D·1399·tum
2128 2271 2147 2306 ¹
2526 2271 2739 2348 Halle,
2817 2271 2930 2356 qui
3003 2271 3358 2334 tenebatur
3419 2271 3490 2334 in
3551 2291 3802 2334 carcere
3857 2271 4028 2356 apud

1602 2371 1771 2434 Bagot
1790 2371 1837 2420 1ss
1936 2375 2275 2460 Newgate,
2340 2375 2455 2460 qui
2524 2379 2591 2436 et
2652 2373 2794 2456 ipse
2861 2373 2946 2436 ad
3013 2377 3294 2436 mortem
3367 2373 3568 2436 Ducis
3641 2369 4032 2452 Gloverniae,

1602 2439 1913 2568 ξῗὲἶὲῗὲἓγ,
1936 2475 1963 2514 2
1988 2499 2251 2542 omnem
2308 2477 2469 2542 facti
2530 2475 2769 2542 diceret
2831 2473 3198 2540 veritatem.
3291 2475 3446 2538 Hiis
3505 2475 3768 2550 auditiS,
3815 2475 4034 2560 provi-

1938 2599 2085 2644 sum
2134 2581 2261 2644 fuit
2320 2587 2397 2644 ut
2458 2579 2673 2644 dictus
2734 2577 3164 2664 W[illelmus]
3239 2577 3452 2664 Bagot
3515 2577 3830 2642 custodiae
3891 2579 4034 2642 red-

1940 2683 2205 2746 deretur
2284 2701 2491 2766 usque
2570 2683 2639 2744 in
2724 2679 2902 2744 diem
2963 2679 3242 2744 Sabbati
3323 2685 3570 2744 extunc
3653 2683 4036 2764 sequentem

1938 2781 2275 2866 proxim03
2344 2785 2411 2844 et
2460 2781 2729 2846 interim
2801 2803 2990 2868 super
3071 2781 3202 2844 hiis
3271 2781 3622 2846 haberetur
3695 2781 4038 2846 consilium

1942 2883 2045 2946 die
2100 2883 2389 2958 Veneris,
2462 2889 2603 2946 tam
2668 2907 2707 2946 a
2752 2883 3058 2948 Dominis
3113 2883 3568 2968 spiritualibus
3617 2905 3816 2968 quam
3877 2889 4040 2946 tem-

1874 3037 1881 3042 .
1940 2983 2291 3070 poralibuS,
2338 2985 2479 3050 sine
2526 2985 2761 3070 quibus
2807 2991 3196 3070 praesentem
3243 3007 3504 3050 causam
3547 3007 3734 3070 posse
3769 2985 4046 3048 minime·

1942 3087 2299 3150 terminari.

1612 3203 1749 3280 Tne·
2034 3189 2161 3252 Die
2206 3189 2481 3252 Veneris
2544 3193 2990 3252 convenerunt
3043 3189 3138 3252 ”ad
3199 3189 3464 3274 Regem,
3509 3189 3584 3252 in
3629 3189 3874 3252 Albam
3923 3189 4044 3254 Oa-

1612 3267 1901 3384 &guiza-(ff
1946 3311 2209 3368 meram,
2258 3289 2533 3354 Domini
2582 3291 2950 3376 spirituales
3013 3295 3080 3354 et
3137 3289 3544 3376 temporales,
3611 3297 3852 3374 praeter
3909 3295 4050 3354 tres

1612 3399 1659 3450 is
1682 3401 1841 3450 asked
1948 3393 2163 3458 Duces
2208 3415 2403 3476 supra
2446 3395 2864 3474 nominatos3
2911 3391 3028 3456 ubi
3071 3393 3466 3476 requisitum
3511 3393 3642 3456 fuit
3685 3415 3726 3456 a
3771 3393 4050 3478 singulis

1614 3467 1855 3582 ἓξέἓὸἑξξ
1950 3495 2253 3558 Dominis
2314 3493 2802 3582 temporalibus,
2845 3501 3092 3570 utrum,
3147 3495 3350 3582 juxta
3413 3497 3800 3582 petitionem
3877 3517 4046 3558 com-

1616 3599 1677 3648 of
1690 3599 1777 3650 the
1950 3597 2265 3672 munium,
2342 3597 2557 3662 Duces
2628 3597 2946 3684 praedicti,
3003 3603 3068 3662 et
3143 3597 3546 3682 appellantes
3623 3599 3858 3676 caeteri,
3935 3597 4050 3684 qui

1506 3669 1509 3672 ’
1614 3665 1771 3716 Duke
1792 3665 1855 3714 of

1618 3731 1927 3782 Glouoester.
1952 3699 2275 3766 Dominos
2344 3701 2425 3766 de
2476 3697 2882 3766 Gloucestria
2957 3705 3076 3764 etc.
3141 3699 3660 3784 appellaverunt,
3737 3703 4048 3766 deberent

1616 3799 1755 3914 {2³:3³
1778 3797 1908 3912 00¹3}
1954 3803 2237 3866 arestari.
2350 3803 2677 3866 Dominus
2754 3801 2834 3868 de
2921 3801 3216 3868 Oobham
3307 3801 3622 3888 inprimis,
3717 3805 4050 3888 praemisso

1622 3939 1673 3982 at
1696 3879 1871 3996 Ῑθξξῖὲ
1906 3879 1931 3912 s
1952 3901 2145 3990 longo
2194 3927 2485 3970 sermone
2520 3905 2599 3970 de
2628 3903 2886 3968 malitia
2929 3903 3252 3968 transacti
3297 3905 3634 3990 temporiS,
3669 3905 3848 3968 dixit
3877 3905 4052 3968 inter

1620 3999 1845 4048 thereon.
1954 4013 2205 4086 caetera,
2254 4007 2431 4092 quod
2494 4009 2613 4072 sub
2658 4005 2904 4070 talibus
2969 4007 3168 4092 Rege,
3215 4007 3512 4086 ducibus,
3563 4011 3630 4072 et
3673 4007 4052 4084 rectoribus,

1956 4109 2243 4196 conditio
2308 4107 2677 4194 Anglorum
2742 4107 2920 4172 facta
2969 4107 3098 4170 fuit
3159 4107 3338 4192 pejor
3405 4107 3846 4192 quorumlibet
3905 4131 4056 4172 con-

1960 4209 2319 4274 ditionibus
2366 4209 2792 4286 ethnicorum,
2839 4209 2954 4294 qui
2997 4207 3152 4272 licet
3197 4209 3494 4274 infideles
3539 4211 3676 4272 sint
3729 4211 3812 4272 ad
3859 4211 4056 4272 fidem

1962 4309 2429 4390 Christianam,
2500 4317 2569 4374 et
2642 4311 2810 4374 male
2887 4311 3136 4376 creduli
3211 4313 3388 4376 inter
3461 4335 3546 4390 se,
3609 4317 3836 4404 tamen
3899 4335 4064 4376 vera.

1960 4411 2339 4498 loquuntur,
2370 4435 2531 4478 vera
2574 4413 2846 4494 faciunt,
2881 4435 3170 4498 veraque
3205 4415 3520 4480 fatentur.
3617 4415 3758 4480 Sed
3777 4413 4058 4498 Anglici,

1962 4537 2109 4578 cum
2156 4517 2289 4580 sint
2338 4517 2713 4596 Christiani,
2764 4523 2834 4580 et
2877 4517 3268 4602 professores
3331 4517 3632 4582 veritatis
3687 4539 3822 4582 esse
3871 4517 4058 4580 debe-

1962 4619 2143 4698 bant,
2192 4623 2257 4682 et
2302 4619 2377 4684 in
2422 4621 2569 4706 ipsa
2610 4641 3038 4704 perseverare,
3087 4625 3270 4684 metu
3317 4621 3682 4686 amissionis
3727 4639 3864 4684 suae
3909 4621 4064 4684 sub-

1966 4723 2231 4788 stantiae
2288 4721 2685 4806 temporalis,
2730 4725 2918 4786 metu
2981 4721 3380 4786 deti-usionis
3423 4723 3498 4786 in
3545 4721 3830 4800 exilium,
3879 4727 4062 4784 metu

1968 4823 2247 4908 denique
2292 4825 2543 4904 mortis,
2590 4825 2705 4908 qui
2748 4825 2824 4886 in
2871 4827 3244 4910 constantes
3305 4825 3510 4888 etiam
3553 4829 3774 4912 posset
3817 4825 4064 4898 cadere,

1898 4965 1905 4970 »
1968 4925 2207 4990 nullibi
2250 4923 2365 4988 3in
2412 4925 2683 5012 agendis
2730 4947 2958 4990 verum
3005 4925 3216 4990 facere
3245 4925 3356 4990 vel
3399 4947 3630 4992 verum
3683 4925 3896 4990 dicere
3941 4927 4060 4990 sub

1970 5029 2215 5094 talibus
2278 5027 2830 5112 gubernatoribus
2891 5027 3164 5092 fuerunt
3233 5029 3416 5108 ausi,
3479 5035 3550 5094 et
3595 5029 3666 5092 in
3721 5049 4064 5114 progressu

1972 5131 2163 5208 dixit,
2218 5131 2437 5194 visum
2480 5131 2635 5206 fore,
2688 5133 2767 5192 ut
2813 5151 2960 5192 cum
3025 5131 3174 5192 Rex
3229 5129 3386 5216 ipse,
3443 5129 3556 5214 qui
3605 5131 3822 5192 fuerat
3869 5135 4064 5214 caput

1972 5237 2041 5298 et
2088 5235 2467 5318 capitaneus
2512 5235 2617 5294 tot
2670 5253 2954 5318 nequam
3015 5235 3340 5296 malorum
3385 5231 3922 5310 consiliariorum,
3977 5233 4072 5296 sit

1976 5337 2307 5420 depositus
2356 5339 2423 5400 et
2468 5335 2745 5418 punitus
2789 5335 3026 5398 merito
3071 5341 3342 5420 propter
3389 5333 3766 5420 hujusmodi
3809 5335 4070 5414 scelera,

1976 5437 2157 5520 quod
2202 5437 2301 5500 illi
2346 5439 2461 5522 qui
2528 5437 2671 5502 haec
2718 5441 3068 5502 suaserunt
3121 5435 3268 5516 sibi,
3315 5435 3746 5520 instigarunt,
3797 5441 3864 5500 et
3911 5451 4070 5522 quo-

1976 5537 2323 5602 dammodo
2386 5539 2469 5600 ad
2542 5539 2705 5602 talia
2766 5537 3206 5624 perpetranda
3269 5541 3624 5622 coegerunt
3699 5557 3866 5614 eum,
3947 5537 4074 5602 sub

1978 5641 2359 5704 detentione
2406 5643 2844 5718 servarentur,
2895 5645 2982 5722 et,
3015 5641 3374 5706 secundum
3419 5641 3596 5724 quod
3641 5661 3874 5706 sanum
3919 5661 4074 5704 con-

2044 5883 2065 5912 ²
2090 5881 2275 5932 Hiatus
2296 5881 2353 5930 in
2376 5883 2503 5946 orig.
3045 5883 3182 5932 here.

2044 5963 2065 5992 ³
2090 5959 2239 6012 Some
2260 5961 2427 6012 words
2454 5977 2587 6012 seem
2608 5967 2663 6010 to
2684 5961 2747 6012 be
2770 5961 2980 6012 omitted
3115 5963 3134 5990 ⁸
3155 5959 3380 6012 Written
3411 5959 3630 6024 iugandis
3651 5959 3708 6010 in
3731 5961 3856 6024 orig.
