5559 8242
1974 2049 2105 2110 146
2554 2059 2846 2106 HENRwI
2893 2061 2984 2106 DE
3035 2057 3488 2108 BLANEFORDE

1638 2249 1777 2300 A.D.
1804 2253 1947 2304 1324·
1972 2247 2293 2324 detrusus,
2338 2269 2379 2308 a
2422 2245 2673 2310 saeculis
2732 2241 3158 2310 inaudibilem
3205 2247 3276 2308 et
3319 2245 3914 2330 inexcogitabilem,
3979 2267 4064 2310 ex

1970 2347 2479 2436 profundissimo
2524 2349 2735 2412 cordis
2780 2345 3062 2434 ingenio,
3109 2367 3296 2412 suam
3341 2347 3676 2412 ordinavit
3723 2349 4070 2414 clandesti-

1978 2471 2135 2514 nam
2176 2449 2651 2516 liberationem.

2068 2551 2245 2616 Nam
2302 2553 2715 2640 intempestae
2776 2553 2990 2618 noctis
3061 2553 3326 2620 silentio
3389 2553 3588 2618 dictae
3665 2553 4070 2632 festivitatis„

1980 2659 2119 2718 tam
2168 2655 2545 2720 custodibus
2598 2657 2798 2720 castri
2847 2677 3046 2744 quam
3099 2655 3356 2722 caeteris
3407 2655 3656 2732 multis,
3705 2677 3820 2742 per
3873 2677 4074 2740 quen-

1980 2757 2133 2820 dam
2212 2757 2599 2844 pestiferum
2680 2763 2916 2844 potum
3005 2761 3098 2824 eis
3187 2757 3658 2836 ministratum,
3747 2769 4070 2824 nocturno

1980 2859 2189 2946 quieti
2252 2883 2329 2926 ac
2386 2859 2599 2946 sopori
2656 2861 2918 2942 deditis,
2989 2861 3350 2948 repentine,
3423 2883 3558 2926 non
3617 2881 3732 2946 per
3791 2859 3812 2896 ¹
3835 2859 4076 2926 ostium

1982 2983 2253 3028 camerae
2328 2985 2481 3042 suae,
2556 2963 2731 3050 quod
2795 2965 3022 3028 multis
3099 2965 3258 3028 seris
3329 2969 3396 3030 et
3455 2963 3788 3050 repagulis
3859 2961 4076 3026 fuerat

1982 3063 2377 3146 obseratum,
2462 3065 2575 3128 sed
2656 3063 2942 3142 aliunde,
2989 3087 3108 3150 per
3167 3065 3546 3152 ruptionem
3619 3065 3810 3146 muri,
3891 3063 4076 3130 venit

1984 3165 2057 3228 in
2104 3167 2383 3252 coquina
2432 3165 2681 3252 palatio
2734 3167 2936 3252 Regis
2995 3189 3294 3248 annexa3
3341 3189 3458 3252 per
3511 3165 3694 3250 cujus
3739 3167 4080 3232 summita-

1986 3273 2119 3334 tem
2150 3269 2391 3346 exiens,
2426 3267 2551 3334 2ad
2582 3291 2786 3334 unam
2831 3269 3026 3334 castri
3059 3271 3332 3336 devenit
3383 3269 3746 3334 custodiam
3773 3293 3790 3350 3
3841 3269 4078 3334 deinde

1984 3393 2101 3458 per
2156 3373 2401 3452 cordaS‚
2446 3371 2531 3434 ad
2572 3373 2844 3436 modum
2883 3373 3072 3438 scalae
3123 3371 3458 3458 ingeniose
3513 3373 3920 3456 compositas,
3967 3393 4082 3456 per

1988 3477 2337 3564 quemdam
2374 3473 2657 3540 amicum
2710 3497 2900 3540 suum
2953 3475 3268 3562 provisaS,
3319 3479 3386 3538 et
3437 3473 3562 3540 sibi
3609 3479 3848 3540 secrete
3901 3473 4082 3560 prius

1990 3579 2241 3656 allataS,
2304 3579 2389 3642 ad
2450 3577 2649 3642 aliam
2710 3577 2906 3644 castri
2985 3579 3346 3644 custodiam
3413 3601 3560 3642 cum
3635 3601 3770 3642 non
3827 3577 4082 3642 modico

1988 3681 2227 3748 timore
2272 3681 2591 3768 pervenit.
2686 3679 2796 3760 Et,
2845 3679 3014 3746 sicut
3059 3681 3302 3746 Beatus
3347 3681 3640 3762 3Petrus,
3693 3681 3764 3744 in
3803 3681 4088 3748 vinculis

1990 3783 2279 3848 Neronis
2340 3785 2663 3864 detentus,
2716 3783 2972 3870 Angelo
3035 3785 3326 3866 ducente,
3387 3785 3668 3870 primam
3729 3789 3798 3848 et
3859 3807 4082 3852 secun-

1992 3887 2151 3950 dam
2180 3887 2495 3954 transivit
2526 3877 2906 3966 custodiam,
2953 3909 3102 3952 cum
3149 3889 3440 3952 maxima
3489 3887 3876 3954 difficultate
3931 3895 4080 3954 tan-

1990 3991 2141 4056 dem
2182 3993 2369 4056 venit
2410 3989 2495 4054 ad
2544 4011 2783 4076 aquam
2837 3989 3140 4056 Tamisiae
3167 4017 3186 4070 3
3245 3991 3344 4056 ibi
3387 3991 3740 4076 quamdam
3785 3993 4084 4076 fragilem

1990 4093 2299 4176 cymbam
2356 4095 2701 4180 reperiens,
2764 4115 2980 4180 quam,
3043 4113 3188 4156 cum
3235 4091 3538 4176 adjutore
3611 4115 3746 4172 suo,
3809 4097 3878 4158 et
3937 4095 4084 4158 aliis

1994 4193 2249 4262 duobus
2284 4197 2365 4260 de
2414 4195 2683 4262 consilio
2728 4217 2864 4274 suc,
2905 4197 3204 4274 intravit,
3245 4201 3316 4262 et
3357 4195 3602 4260 dictam
3639 4219 3896 4282 aquam,
3941 4197 4084 4260 Deo

1994 4299 2275 4378 volente,
2324 4299 2579 4364 concito
2626 4303 3132 4364 transmearunt.
3211 4299 3316 4362 ⁴Et
3377 4321 3524 4364 cum
3575 4299 3754 4364 omni
3815 4299 4086 4364 festina-

1994 4401 2175 4466 tione
2230 4401 2313 4464 ad
2366 4423 2545 4466 mare
2596 4407 3038 4488 properanteS,
3097 4401 3392 4488 publicas
3437 4395 3676 4466 stratas
3723 4423 3974 4488 semper
4017 4403 4088 4464 in

1996 4503 2233 4568 itinere
2264 4503 2681 4582 devitarunt3
2708 4525 2830 4570 nec
2861 4525 3104 4570 cessare
3135 4505 3502 4578 voluerunt,
3527 4503 3730 4566 donec
3755 4505 3838 4568 ad
3871 4525 4092 4588 quem-

1666 4621 1931 4702 Mqrtimer
1998 4607 2151 4670 dam
2202 4611 2467 4692 portum
2514 4607 2858 4674 unanimes
2911 4607 3346 4694 pervenirent.
3443 4605 3588 4686 Quo
3629 4627 3782 4672 vero
3821 4607 3894 4672 in
3937 4609 4092 4686 1000,

1666 4707 1929 4810 ffigsszm
1998 4709 2083 4774 ab
2116 4709 2419 4776 omnibus
2464 4711 2691 4796 ignoti,
2726 4733 2978 4788 navem,
3015 4711 3398 4798 aliquandiu
3431 4735 3538 4778 eos
3567 4713 3812 4778 ibidem
3861 4725 4094 4798 expec-

2002 4819 2273 4894 tantem,
2336 4835 2533 4900 prope
2592 4817 2860 4900 portum
2905 4811 2930 4848 ‘²
2947 4817 3322 4898 promptam
3371 4813 3620 4878 ibidem
3659 4813 4094 4898 reperientes}

2002 4941 2199 5010 quam
2254 4939 2399 4984 cum
2440 4917 2619 4982 omni
2654 4915 3074 4982 festinatione
3113 4917 3552 4998 intraverunt,
3597 4923 3680 4996 et,
3727 4937 4100 5004 prosperam

2004 5043 2235 5084 auram
2282 5021 2375 5086 eis
2422 5021 2565 5086 Deo
2608 5019 3046 5100 ministrante,
3089 5019 3174 5084 ad
3217 5019 3558 5084 Gallicana
3597 5041 3806 5108 regna
3847 5021 4100 5086 concito

2006 5127 2487 5208 pervenerunt..

2098 5225 2183 5290 In
2228 5225 2465 5312 quibus
2508 5247 2667 5290 vero
2708 5223 3010 5310 partibus
3057 5227 3472 5310 quorundam
3515 5225 3702 5312 regni
3745 5245 4100 5312 procerum,

2008 5327 2573 5414 consanguinitate
2622 5329 2725 5392 vel
2770 5325 3098 5398 affinitate
3157 5327 3284 5394 sibi
3329 5327 3846 5412 conjunctorum,
3893 5325 4098 5392 fultus

2006 5429 2323 5518 praesidiO,
2386 5431 2599 5496 vitam
2668 5431 2908 5494 ducens
2973 5429 3320 5510 diutinam,
3383 5429 3930 5506 reconciliationis
3985 5429 4098 5492 do·-

2006 5533 2187 5600 mino
2234 5555 2367 5610 suc,
2414 5533 2583 5618 Regi
2628 5531 2908 5618 Angliae,
2957 5531 3246 5620 gratiam
3291 5531 3682 5618 expectavit.

2080 5767 2095 5796 1
2116 5765 2319 5814 hostium
2340 5763 2399 5814 in
2420 5763 2547 5828 orig,
3113 5753 3342 5802 occasion
3395 5753 3498 5802 had
3555 5753 3762 5826 ²thrown
3827 5751 3934 5800 him
4001 5751 4106 5802 into

1988 5889 1995 5908 ἱ
2076 5845 2097 5874 2
2108 5859 2203 5906 per
2224 5843 2279 5892 in
2302 5843 2515 5892 Hearne.
3113 5833 3294 5896 prison.
3567 5835 3586 5844 “’
3609 5887 3618 5896 ⁸

2076 5925 2097 5952 ³
2118 5923 2185 5970 In
2218 5921 2431 5972 allusion
2466 5929 2519 5970 to
2554 5921 2677 5970 Acts
2696 5919 2788 5972 xii.
2817 5927 2894 5970 10.
2963 5921 3014 5970 It
3179 5913 3200 5940 ⁴
3213 5917 3486 5976 promptum
3509 5909 3562 5960 in
3583 5909 3796 5960 Hearne,

2014 6015 2117 6052 was
2138 6003 2329 6062 Herod,
2350 6009 2441 6050 not
2472 6001 2627 6062 Nero,
2662 6003 2777 6052 who
2813 6017 2880 6050 on
2913 5999 3016 6050 this
