5559 8242
2368 2091 2575 2142 LIBER
2616 2091 2711 2140 DE
2754 2089 3384 2142 BENEFAOTORIBUS.
3743 2075 3876 2148 437

1760 2285 1829 2346 et
1880 2301 2073 2346 suum
2140 2277 2631 2358 Monasterium‚
2708 2281 3104 2360 honoravit3
3185 2281 3594 2364 moriensque
3661 2281 3870 2346 eidem

1764 2381 2165 2448 Monasterio
2210 2385 2557 2466 sexaginta
2602 2381 2842 2447 solidos
2885 2381 3154 2468 legavit.

1846 2485 2135 2548 Domina
2164 2483 2555 2550 Elizabetha
2598 2486 2677 2550 de
2722 2487 2790 2550 la
2837 2483 3090 2550 Souche
3139 2483 3324 2550 dedit
3373 2485 3524 2548 huic
3565 2483 3866 2550 Ecclesiae

1756 2611 1963 2652 unum
2006 2589 2497 2668 vestimentum,
2536 2589 2804 2666 scilicet,
2837 2591 3144 2666 casulam,
3173 2589 3484 2664 tunicam,
3521 2593 3588 2654 et
3621 2589 3864 2652 dalma-

1754 2691 1969 2770 ticam,
2018 2715 2165 2756 cum
2212 2691 2397 2756 stolis
2456 2697 2523 2756 et
2584 2691 2958 2778 manipuliS,
3005 2697 3072 2756 et
3131 2691 3346 2756 tribus
3409 2691 3620 2754 albis:
3685 2692 3858 2776 quod

1750 2793 2221 2858 vestimentum
2282 2799 2383 2858 est
2458 2794 2539 2857 de
2614 2817 2834 2878 panno
2913 2815 3106 2880 quem
3185 2803 3220 2828 “
3247 2793 3702 2880 baldekynum
3777 2794 3858 2858 de

1754 2905 1789 2928 “
1834 2897 2153 2962 Damasco
2176 2895 2209 2926 ”
2256 2917 2565 2960 vocamus
2594 2919 2611 2974 ;
2660 2895 2924 2960 dorsum
2955 2917 3108 2960 vero
3143 2901 3208 2960 et
3237 2897 3562 2982 pectorale
3609 2897 3854 2982 optime

1748 2999 1949 3064 serico
2008 3003 2353 3076 texuntur,
2416 3003 2483 3062 et
2542 3019 2717 3062 auro.
2819 2999 2910 3062 Et
2969 2998 3298 3084 quoddam
3379 2997 3656 3064 frontale
3733 3021 3852 3084 pro

1746 3101 1957 3180 altari,
2022 3101 2379 3186 pulchrum,
2460 3099 2635 3186 quod
2694 3101 2980 3166 habetur
3043 3099 3472 3178 Redbournae,
3535 3123 3618 3164 ex
3677 3101 3848 3166 dono

1746 3203 2015 3266 Domini
2052 3203 2321 3268 Thomae
2368 3201 2665 3268 Abbatis
2760 3201 3042 3288 Legavit
3089 3203 3292 3268 etiam
3339 3203 3552 3268 eidem
3599 3201 3850 3266 Abbati

1744 3327 1947 3368 unum
1984 3305 2197 3389 jocale
2242 3309 2631 3390 argenteum
2678 3327 2792 3388 pro
2841 3303 3122 3390 Corpore
3155 3303 3428 3370 Domini
3455 3305 3842 3390 reponend0‚

1742 3431 1855 3472 seu
1900 3407 2263 3486 deferendo,
2326 3407 2575 3472 habens
2626 3405 2645 3442 ¹
2666 3405 2996 3492 beryllum
3045 3409 3116 3472 in
3161 3407 3398 3484 medio,
3461 3411 3530 3472 et
3587 3429 3842 3472 crucem

1738 3509 1811 3572 in
1858 3511 2233 3574 summitate
2280 3509 2587 3595 ejusdem,
2634 3531 2783 3574 cum
2831 3507 3112 3594 quadam
3171 3515 3360 3594 parte
3421 3509 3584 3594 ligni
3633 3513 3700 3572 et
3743 3531 3840 3572 se-

1740 3611 1949 3696 pulcri
1996 3611 2263 3676 Domini
2322 3611 2491 3674 inibi
2536 3611 2810 3688 inclusa,
2879 3609 3164 3696 Capellae
3221 3609 3510 3695 ejusdem
3551 3609 3838 3676 Abbatis

1738 3715 2103 3798 specialiter
2148 3714 2537 3800 deputatum
2568 3741 2583 3794 3
2632 3737 2779 3780 cum
2827 3713 3072 3798 viginti
3119 3711 3146 3746 2

1738 3817 1817 3880 de
1864 3839 2053 3900 opere
2100 3817 2303 3882 serico
2352 3817 2579 3882 textili
2632 3817 2659 3854 3
2678 3817 2854 3882 dicto
2903 3823 2938 3848 “
2967 3813 3348 3894 bewtroowj’
3409 3837 3526 3902 per
3585 3815 3834 3882 dictum

1734 3919 2061 3984 Abbatem
2116 3917 2419 3984 Ecclesiae
2484 3941 2601 4004 pro
2664 3917 2922 4004 paruris
2997 3915 3332 3984 Abbatum
3415 3917 3830 4004 postmodum

1732 4023 1999 4086 collatis.
3293 4013 3370 4136 Χ

1820 4125 2107 4188 Domina
2172 4125 2383 4188 Maria
2444 4125 2665 4210 Percy,
2714 4145 2894 4188 soror
2953 4123 3248 4202 Henrici,
3309 4123 3548 4188 nobilis
3623 4123 3826 4188 Ducis

1730 4227 2147 4304 Lancastriae,
2194 4235 2261 4294 et
2326 4227 2569 4313 conjux
2628 4227 2902 4292 Domini
2963 4223 3242 4292 Henrici
3301 4227 3524 4310 Percy‚
3583 4233 3828 4312 praeter‘

1726 4327 2041 4394 beneficia
2072 4353 2227 4414 erga
2254 4329 2609 4414 praefatum
2644 4329 2990 4404 Abbatem,
3021 4333 3102 4394 ut
3131 4329 3204 4392 in
3233 4327 3256 4366 ⁴
3277 4327 3496 4392 Gestis
3527 4329 3820 4414 ejusdem

1726 4431 2179 4516 praemittitur,
2240 4431 2701 4516 multipliciter
2764 4437 3044 4506 ostensa,
3089 4431 3374 4496 contulit
3421 4425 3634 4496 eidem
3679 4431 3818 4496 Ab-

1720 4533 1863 4598 bati
1906 4555 2197 4618 pannum
2242 4539 2645 4620 argenteum,
2682 4533 2912 4598 coloris
2939 4531 3162 4608 blodii,
3195 4533 3390 4597 valde
3423 4533 3816 4618 pretiosum;

1722 4639 1947 4720 postea
1996 4635 2069 4698 in
2114 4657 2339 4718 capam
2386 4635 2713 4700 choralem
2758 4635 3172 4720 adaptatum,
3221 4643 3286 4698 et
3333 4635 3642 4700 Ecclesiae
3687 4636 3812 4700 col-

1720 4740 1945 4802 latum.
2038 4737 2341 4802 Contulit
2408 4737 2677 4824 insuper
2738 4759 2944 4802 unam
3005 4759 3244 4824 cupam
3307 4741 3690 4822 argenteam
3745 4743 3810 4802 et

1720 4841 2117 4916 deauratam,
2182 4839 2455 4904 scutulis
2516 4861 2848 4904 armorum
2911 4839 3014 4902 sui
3073 4839 3334 4926 generis
3401 4839 3806 4918 redimitam3

1716 4947 1943 5026 postea
1996 4965 2113 5026 per
2180 4942 2461 5006 eundem
2518 4939 2854 5006 Abbatem
2919 4941 3208 5006 Domino
3269 4941 3534 5004 Thomee
3581 4941 3804 5026 Percy,

1716 5065 1833 5108 suo
1874 5043 2027 5118 filio,
2062 5043 2271 5106 nostri
2302 5043 2691 5108 Monasterii
2722 5043 2996 5108 zelatori
3041 5043 3386 5128 praecipu0,
3417 5045 3502 5108 ob
3535 5043 3804 5128 speciale

1714 5145 2083 5210 memoriale
2128 5167 2261 5210 suae
2306 5145 2555 5226 mati-ie,
2602 5143 2964 5210 liberaliter
3007 5145 3362 5230 collatam}

1800 5245 1827 5280 ⁵
1846 5247 2179 5311 Adrianus
2212 5247 2491 5324 Priame,
2524 5269 2719 5330 quem
2754 5245 2972 5310 adivit
3005 5247 3428 5330 corporaliter
3445 5245 3608 5334 ‘offa
3641 5245 3798 5322 Rex,

1708 5357 1787 5418 ut
1830 5353 2011 5418 istud
2058 5351 2447 5418 Coenobium
2506 5345 2974 5438 privileg-iamt,
3041 5353 3240 5418 istam
3315 5349 3670 5416 Ecclesiam
3729 5353 3800 5416 in

1708 5455 2047 5540 specialem
2098 5453 2305 5518 filiam
2350 5455 2695 5538 adoptavit
2724 5479 2741 5532 ;
2789 5459 2856 5520 et
2885 5475 3018 5518 non
3049 5455 3262 5520 solum
3305 5453 3462 5520 fecit
3507 5453 3794 5532 liberam,

1708 5555 1821 5622 sed
1868 5563 1935 5620 et
1982 5559 2355 5642 ingenuam,
2402 5557 2475 5618 in
2534 5559 2802 5620 tantum
2831 5561 2910 5620 ut
2969 5557 3136 5620 nulli
3195 5555 3594 5634 mortalium,
3659 5557 3794 5620 sive

1768 5879 1783 5906 ¹
1810 5875 2023 5926 berillum
2044 5877 2101 5924 in
2122 5877 2245 5940 orig.
2861 5875 2880 5904 ⁴
2907 5875 3000 5926 See
3025 5891 3156 5940 page
3179 5881 3276 5926 434
3299 5883 3428 5934 ante,
3451 5875 3584 5926 Note
3607 5883 3654 5924 2.

1766 5955 1787 5984 2
1810 5955 1921 6004 The
1942 5957 2083 6006 word
2104 5955 2149 6004 is
2170 5953 2391 6006 omitted.
2859 5955 2878 5982 ⁵
2903 5953 3014 6004 The
3077 5955 3290 6018 original
3347 5953 3552 6020 writing
3595 5969 3786 6006 recom-

1766 6035 1785 6062 3
1808 6033 1981 6084 dictum
2004 6033 2061 6084 in
2086 6033 2213 6100 orig.
2793 6033 3130 6096 menceshere,
3139 6051 3264 6100 page
3281 6039 3376 6084 209
3389 6033 3450 6084 of
3455 6033 3542 6084 the
3551 6033 3778 6100 original.
