5559 8242
1960 2101 2089 2164 406
2518 2099 2836 2168 ANNA'LEs
2881 2117 3176 2166 HENRIGI
3221 2115 3498 2178 QUARTI,

1630 2313 1769 2364 AD.
1800 2315 1939 2358 1405·
1970 2325 2111 2388 pus,
2164 2325 2293 2368 non
2356 2299 2517 2370 belli
2560 2327 2755 2370 causa
2797 2325 2864 2368 se
2911 2325 3060 2368 cum
3113 2305 3314 2368 turba
3369 2301 3644 2382 venisse,
3707 2304 3820 2368 sed
3883 2301 4062 2388 pacis

1634 2387 1929 2520 {ilgsscssffh’
1968 2407 2205 2492 potius,
2282 2407 2303 2442 1
2328 2427 2525 2492 quam
2602 2405 2872 2470 dilatari
2939 2405 3204 2470 volebat
3279 2405 3564 2490 ubique:
3641 2405 4062 2490 ostenditque

1636 2537 1843 2576 answer.
1972 2511 2211 2574 nuncio
2278 2507 2571 2574 sedulam
2630 2505 3016 2592 inscriptam
3077 2508 3410 2592 praedictis
3463 2507 3780 2586 articuliS,
3821 2505 4062 2592 jubens

1972 2613 2051 2672 ut
2120 2631 2263 2674 eam
2332 2609 2531 2674 ferret
2596 2607 2727 2674 hiis
2791 2609 2906 2694 qui
2969 2611 3294 2676 miserunt
3363 2631 3532 2674 eum.
3623 2611 3840 2690 Quam
3913 2631 4062 2676 cum

1972 2709 2239 2796 legisset
2288 2709 2537 2788 Comes,
2584 2709 2984 2776 collaudavit
3043 2709 3304 2796 publice
3363 2709 3774 2798 propositum
3827 2709 4064 2776 Archia

1640 2823 1753 2874 The
1772 2819 1897 2872 Earl
1974 2811 2287 2898 praesulis,
2328 2813 2605 2878 mittens
2650 2819 2719 2878 et
2754 2835 2996 2898 rogans
3035 2819 3114 2878 ut
3157 2835 3350 2900 super
3383 2813 3514 2880 hiis
3559 2819 3780 2898 posset
3823 2813 4064 2880 habere

1640 2901 1951 3008 ξξζξζξὲξοῖ,
1976 2915 2371 3000 colloquium
2412 2915 2767 3000 personale.

1644 3039 1951 3090 Particulars
2064 3017 2269 3082 Venit
2338 3017 2545 3104 igitur
2606 3017 2934 3096 Pontifex,
2983 3041 3132 3084 cum
3191 3019 3384 3084 certis
3445 3021 3756 3106 personis,
3803 3021 4066 3084 trahens

1642 3105 1939 3222 ἓξΐζξῖὲοᾙ·
1978 3141 2195 3184 secum
2242 3119 2569 3184 Comitem
2616 3119 3092 3198 Marescallum‚
3137 3119 3292 3186 licet
3333 3121 3646 3198 invitum,
3677 3123 3836 3206 quia
3877 3121 4070 3186 dubi-

1644 3241 1765 3290 held
1786 3207 1857 3300 by'
1980 3225 2159 3286 taret
2206 3223 2285 3286 de
2328 3223 2459 3288 fide
2504 3223 2822 3304 vocantiS,
2869 3225 2954 3288 ad
2999 3223 3216 3288 locum
3275 3224 3568 3288 medium
3625 3223 3800 3288 inter
3845 3227 4068 3288 castra.

1648 3301 1961 3434 ζξξὴὲᾗοὲἑᾱ
1986 3323 2283 3390 Occurrit
2360 3329 2429 3390 et
2506 3325 2739 3402 Comes
2813 3325 3402 3404 Westmerlondise,
3475 3327 3716 3390 ducens
3791 3333 3860 3392 et
3931 3327 4070 3412 ipse

1646 3441 1731 3492 the
1754 3439 1875 3488 Earl
1986 3429 2347 3492 Dominum
2416 3429 2461 3494 J
2464 3429 2804 3508 ohannem,
2873 3429 3072 3516 Regis
3139 3429 3372 3510 filium,
3441 3451 3588 3492 cum
3655 3429 4072 3514 sequentium

1654 3505 1897 3624 ffissffltffl’
1986 3551 2275 3610 numerO,
2344 3531 2457 3616 qui
2524 3553 2872 3596 numerum
2939 3531 3278 3596 Pontificis
3343 3553 3480 3596 non
3547 3532 3908 3612 excederet,
3959 3531 4072 3596 sed

1648 3641 1771 3690 Earl
1794 3639 1853 3688 of
1990 3639 2295 3720 aequaret.
2374 3633 2653 3698 Interim
2682 3633 3188 3720 praestolabatur
3217 3635 3416 3698 finem
3445 3639 3722 3720 uterque
3751 3635 4074 3698 exercitus

1650 3707 1957 3828 ffigfssm‘
1990 3735 2061 3798 in
2104 3735 2261 3800 locis
2306 3735 2461 3800 suis,
2570 3735 3058 3800 Convenientes
3113 3735 3340 3820 itaque
3385 3741 3604 3822 partes
3649 3735 3722 3798 in
3767 3735 4072 3816 medium,

1990 3843 2365 3902 reverenter
2408 3859 2475 3902 se
2522 3837 2982 3904 ‚salutaverunt
3025 3838 3110 3902 ad
3153 3837 3458 3916 invicem,
3509 3841 3576 3902 et
3619 3837 3884 3902 recitari
3929 3859 4076 3902 con-

1990 3939 2305 4006 dixerunt
2350 3939 2659 4006 articulos
2716 3947 3126 4006 memoratos.
3221 3941 3476 4020 Quibus
3535 3941 3800 4018 auditis,
3847 3939 4078 4006 Comes

1990 4045 2553 4110 Westmerlondiae
2598 4045 2822 4130 palam
2879 4045 3218 4108 fatebatur
3277 4041 3584 4108 articulos
3629 4043 3734 4130 pie
3773 4043 4078 4130 justeque

1990 4151 2351 4234 conceptos
2398 4167 2517 4210 nec
2560 4145 2695 4210 fore
2742 4167 2936 4230 quem
2997 4145 3112 4230 qui
3173 4165 3406 4208 sanum
3449 4149 3724 4230 saperet,
3771 4147 3884 4230 qui
3943 4167 4076 4208 non

1990 4251 2119 4314 hiis
2178 4251 2473 4314 favorem
2530 4247 2982 4334 impenderet3
3059 4249 3308 4312 addens
3353 4269 3420 4312 se
3465 4249 3628 4312 totis
3687 4247 3942 4314 viribus
3995 4249 4080 4314 ad

1996 4373 2219 4416 eorum
2284 4351 2735 4416 executionem
2811 4350 3126 4414 daturum
3203 4371 3486 4436 operam,
3555 4357 3622 4414 et
3697 4351 3960 4438 Regem,
4025 4351 4080 4416 si

1994 4453 2217 4540 possit,
2250 4453 2333 4516 ad
2378 4451 2545 4516 illud
2592 4453 3002 4540 propesitum
3045 4453 3490 4522 inducturum.
3583 4453 3630 4518 J
3633 4459 3892 4538 ungunt
3927 4475 4080 4538 ergo

1996 4557 2283 4636 dextras,
2312 4554 2844 4642 congratulantes
2875 4555 3286 4634 alterutrum,
3309 4559 3374 4620 et
3399 4555 3850 4640 jocundantes.
3905 4557 4086 4620 Tunc

1666 4669 1777 4720 The
1798 4667 1917 4716 Earl
2002 4659 2233 4724 Comes
2278 4659 2846 4724 Westmerlondise
2891 4659 3068 4724 dixit
3113 4659 3616 4746 Archiepiscopo
3645 4685 3658 4724 ι
3691 4695 3780 4710 ——
3815 4665 3848 4694 “
3881 4659 4082 4722 Ecce!

1666 4737 1925 4852 &oi-{1823}
2002 4769 2035 4796 “
2082 4767 2269 4848 pater
2330 4767 2399 4826 et
2446 4761 2723 4836 domine,
2787 4761 2942 4824 finis
3001 4765 3272 4846 optatus
3341 4761 3548 4826 vestri
3613 4761 3872 4840 laboris,
3937 4783 4084 4826 cum

1670 4869 1975 4920 dissembles-
2004 4871 2037 4900 “
2082 4885 2203 4926 nos
2266 4883 2487 4928 omnes
2552 4863 2856 4928 habeatis
2931 4867 3402 4928 consentaneos
3473 4865 3548 4926 in
3611 4867 3774 4928 vota
3849 4869 4084 4928 vestra.

2002 4975 2035 5000 “
2080 4965 2397 5030 Bibamus
2438 4965 2645 5052 igitur
2688 4965 2952 5052 pariter,
2999 4967 3254 5032 cunctis
3299 4965 3770 5052 spectantibuS,
3819 4973 3900 5030 ut
3945 4989 4088 5052 cog-

2002 5075 2039 5104 “
2082 5075 2361 5134 noscant
2428 5069 2509 5132 de
2574 5073 2777 5154 parte
2825 5073 3050 5134 vestra
3113 5069 3260 5146 viri,
3313 5069 3484 5154 quod
3549 5069 3620 5132 in
3683 5071 4088 5134 concordiam

2004 5177 2041 5206 ‘⁶
2086 5169 2405 5248 venimus
2446 5171 2619 5256 quod
2666 5169 2842 5236 idem
2885 5169 2962 5234 in
3005 5171 3308 5236 omnibus
3355 5169 3736 5256 sapiemus.''

2096 5271 2445 5338 Consensit
2512 5273 3078 5360 Archiepiscop11S,
3145 5277 3214 5340 et
3287 5273 3506 5358 palam
3575 5273 3770 5354 bibit,
3841 5279 3912 5340 et
3979 5275 4092 5360 qui

2004 5397 2151 5442 cum
2196 5397 2271 5440 eo
2316 5381 2523 5456 erant,
2572 5377 2653 5440 de
2698 5377 2892 5442 calice
2953 5377 3166 5442 hostis
3223 5375 3674 5456 inexorabilis,
3735 5377 4092 5442 nescientes

2004 5479 2301 5544 fraudem
2368 5501 2515 5564 quse
2576 5479 2970 5546 struebatur.
3083 5479 3268 5544 Tunc
3317 5477 3544 5544 Comes
3605 5479 3780 5544 dixit
3825 5479 4094 5546 Archie-

2008 5583 2181 5670 pisco
2210 5607 2343 5646 1——
2366 5587 2401 5616 ‘⁶
2432 5581 2741 5660 Mittatis,
2787 5583 2846 5646 si
2891 5583 3122 5668 placet,
3169 5582 3416 5668 populo
3461 5589 3702 5664 vestr-0,
3749 5583 3866 5670 qui
3925 5605 4092 5648 nun-

2010 5693 2045 5722 “
2088 5687 2221 5750 ciat
2262 5705 2383 5748 nos
2428 5679 2868 5766 concordatoS,
2899 5691 2968 5752 et
3013 5685 3214 5750 faciat
3259 5709 3368 5750 eos
3413 5685 3440 5722 2
3461 5685 3708 5750 'reverti
3751 5685 3826 5748 in
3871 5687 4094 5750 domos

2076 5975 2093 6004 ¹
2118 5973 2245 6022 This
2300 5973 2443 6022 word
2496 5973 2539 6024 is
2592 5967 2856 6024 indistinot
2909 5973 3008 6022 and
3167 5973 3186 6000 2
3209 5979 3368 6022 revert
3389 5969 3440 6018 in
3467 5969 3590 6036 orig.

2014 6055 2257 6112 doubtful.
