5559 8242
1874 2071 2003 2132 258
2416 2083 2725 2134 ANNALES
2770 2083 3056 2134 RtOARDI
3101 2085 3418 2144 SECUNDI,

1550 2287 1685 2338 ΑΒ.
1708 2289 1851 2334 1399.
1878 2271 2225 2336 ciationem
2268 2275 2337 2334 et
2380 2271 2731 2336 cessionem
2795 2271 3172 2354 hujusmodi
3235 2269 3478 2358 singuli
3545 2267 3946 2356 singillatim,

1552 2379 1843 2494 {iluzffllion
1882 2379 1949 2438 et
1990 2375 2063 2438 in
2108 2375 2451 2452 communi,
2508 2397 2653 2436 cum
2704 2373 2944 2458 populo
2993 2373 3396 2438 unanimiter
3441 2379 3508 2438 et
3553 2373 3954 2436 concorditer

1554 2511 1597 2560 is
1612 2511 1859 2574 accepted.
1884 2479 2303 2542 admiserunt.
2396 2477 2553 2542 Post
2620 2499 2816 2562 quam
2877 2475 3140 2560 quidem
3209 2475 3682 2552 admissionem,
3741 2477 3958 2540 fuerat

1558 2613 1683 2662 Pro·
1884 2579 2139 2664 publice
2182 2585 2343 2644 tunc
2384 2579 2629 2644 ibidem
2692 2577 3080 2664 expositum,
3145 2581 3322 2664 quod
3375 2581 3554 2642 ultra
3611 2581 3960 2644 cessionem

1558 2679 1865 2796 iffiffigsstain
1888 2685 1955 2744 et
1998 2681 2557 2746 renunciationem
2608 2681 3000 2766 hujusmodi,
3049 2685 3128 2744 ut
3173 2679 3536 2766 praefertur,
3593 2681 3962 2762 admissam,

1562 2815 1759 2864 articles
1782 2813 1839 2862 of
1888 2781 2081 2848 valde
2110 2781 2279 2846 foret
2322 2783 2671 2868 expediens
2716 2805 2790 2848 ac
2833 2783 2996 2848 utile
3027 2805 3230 2870 regno
3261 2783 3594 2870 praedicto,
3623 2805 3740 2868 pro
3787 2785 3968 2850 omni

1564 2879 1849 3012 Ξὲἓὲἓὲῗῡῡ
1890 2886 2191 2970 scrupulo
2218 2889 2303 2968 ,613
2350 2887 2615 2950 sinistra
2672 2887 3034 2972 suspicione
3085 2885 3412 2966 tollendis,
3467 2889 3642 2972 quod
3685 2889 3970 2974 plurima

1564 3015 1705 3078 King
1898 2987 2171 3052 crimina
2236 2991 2303 3050 et
2370 2987 2655 3052 defectus
2716 3009 2834 3072 per
2897 2989 3148 3052 dictum
3217 2989 3464 3076 Regem
3509 2991 3680 3054 circa
3723 2991 3970 3054 malum

1564 3081 1789 3198 ffiffiag}
1898 3093 2189 3178 regimen
2250 3093 2439 3178 regni
2504 3093 2605 3156 sui
2668 3089 3080 3176 frequentius
3123 3097 3516 3180 perpetrata,
3545 3117 3662 3180 per
3703 3095 3970 3158 modum

1568 3215 1701 3264 read.
1898 3195 2317 3258 articulorum
2358 3195 2433 3258 in
2478 3193 2731 3278 scriptis
2793 3191 2814 3226 ¹
2839 3195 3270 3276 redactorum,
3329 3201 3592 3282 propter
3657 3219 3822 3282 quae,
3893 3201 3972 3260 ut

1900 3297 2075 3360 idem
2142 3297 2285 3362 Rex
2352 3297 2631 3362 asseruit
2694 3297 2767 3360 in
2831 3293 3118 3362 cessione
3183 3297 3356 3362 facta
3415 3321 3532 3382 per
3593 3321 3758 3376 eum,
3805 3303 3974 3364 esset

1902 3399 2039 3484 ipse
2070 3401 2301 3466 merito
2334 3399 2765 3486 deponendus
2799 3399 3056 3486 publice
3087 3401 3404 3486 legantur,
3437 3403 3734 3486 quodque
3767 3405 3978 3466 essent

1908 3506 2145 3590 populo
2236 3505 2575 3568 declarata.
2686 3501 2918 3588 Sicque
2985 3503 3274 3568 maxima
3335 3525 3488 3590 pars
3557 3505 3976 3568 articulorum

1914 3605 2177 3670 illorum
2222 3605 2249 3642 2
2270 3613 2409 3670 erat
2468 3605 2723 3692 publice
2764 3611 2928 3670 tunc
2979 3606 3304 3690 perlecta3
3351 3627 3626 3690 quorum
3689 3609 3980 3670 omnium

1914 3709 2335 3774 articulorum
2378 3715 2567 3774 tenor
2612 3711 2765 3774 talis
2813 3713 3018 3774 est——

2200 3837 2521 3924 Sequitur
2556 3837 3034 3924 juramentum
3077 3843 3200 3916 ete„
3245 3843 3326 3902 ἀὑ
3371 3837 3454 3904 2:22
3485 3837 3726 3924 foz.³--

2002 3963 2029 4000 4
2058 3963 2459 4028 constitutus
2534 3965 2902 4050 praecipuus
2975 3969 3354 4050 procurator
3431 3963 3626 4048 Regis
3707 3963 3990 4038 Ricardi‚

1918 4071 2251 4152 assumpto
2308 4065 2737 4144 themata-m5
2770 4073 2806 4100 “
2827 4067 3024 4132 Posui
3069 4065 3272 4132 verba
3313 4087 3462 4130 mea
3517 4065 3590 4128 in
3651 4087 3760 4130 ore
3819 4071 3936 4130 tuo
3955 4065 3992 4090 ’²

1922 4168 2281 4232 declaravit
2346 4167 2627 4232 officium
2680 4167 3122 4254 procuratoris
3195 4167 3734 4232 sufficientissime
3797 4167 3998 4252 juxta

1914 4271 2083 4356 jura,
2164 4269 2503 4334 insinuans
2578 4271 2904 4354 quomodo
2965 4269 3114 4334 Rex
3171 4269 3492 4336 Ricardus
3551 4269 3998 4336 constituisset

1924 4371 2179 4458 ε’[611111]
2230 4377 2297 4436 et
2342 4371 2735 4458 Episcopum
2780 4371 3328 4438 Herefordensem
3371 4379 3816 4458 procuratores
3853 4395 4000 4438 suos

1922 4481 2127 4540 ——eta
2218 4473 2481 4540 Deinde
2542 4481 2579 4510 “
2614 4477 2715 4540 sui
2766 4481 2836 4542 et
2881 4475 3040 4540 dicti
3089 4475 3590 4542 Herefordensis
3607 4477 3788 4542 ”a-met
3833 4475 4004 4542 sicut

1926 4579 2245 4662 sequ-itur.

1600 4713 1709 4764 The
1734 4711 1867 4764 Oath
2020 4679 2339 4766 Sequitur
2382 4679 2587 4744 forma
2620 4679 2665 4744 J
2664 4679 2998 4746 uramenti
3041 4681 3220 4746 soliti
3269 4685 3336 4746 et
3381 4679 3670 4746 consueti
3709 4683 4008 4768 praestari

1594 4783 1749 4896 “Iglssen
1774 4785 1843 4846 by
1926 4805 2043 4868 per
2096 4783 2305 4870 Reges
2352 4783 2611 4870 Angliae
2656 4785 2727 4848 in
2772 4805 2996 4848 eorum
3045 4783 3506 4862 Coronatione,
3555 4787 3730 4868 quod
3777 4785 4008 4848 Archi-

1600 4863 1837 4974 Rigffard,
1856 4921 1909 4962 at
1930 4887 2269 4978 episcopus
2318 4883 2691 4950 Cantuariae
2738 4885 2822 4950 ab
2867 4885 3114 4950 eisdem
3161 4883 3454 4972 Regibus
3503 4887 3764 4972 exigere
3815 4893 3880 4952 et
3917 4909 4016 4950 re-

1602 4979 1909 5098 pisiggorona—
1936 4987 2149 5072 cipere
2194 4989 2545 5066 consuevit,
2604 4993 2802 5074 prout
2861 4989 2934 5052 in
2995 4987 3182 5052 libris
3243 4989 3726 5052 Pontificalium
3785 4989 4016 5052 Archi-

1938 5091 2391 5178 episcoporum
2432 5095 2497 5154 613
2544 5091 3014 5178 Episcoporum
3043 5091 3302 5176 plenius
3347 5091 3732 5156 continetur.
3827 5091 4020 5170 Quod

1938 5195 2203 5280 quidem
2242 5193 2689 5278 juramentum
2738 5195 3072 5272 Ricardus,
3141 5195 3288 5258 Rex
3329 5193 3608 5278 Angliae,
3653 5201 3800 5280 post
3847 5193 4018 5258 Con-

1940 5301 2267 5380 quaestum
2330 5295 2683 5374 SecunduS,
2746 5295 2822 5358 in
2885 5295 3322 5360 Coronatione
3389 5319 3506 5360 sua
3565 5295 3896 5382 praestitit,
3949 5301 4022 5398 set

2008 5569 2029 5600 1
2050 5563 2253 5614 redacta
2284 5563 2337 5610 in
2374 5563 2615 5614 Faustina
2648 5563 2709 5612 B.
2734 5563 2808 5612 ix.
2841 5565 2938 5612 and
2981 5561 2988 5616 Ι
3029 5565 3148 5614 does
3171 5571 3260 5614 not
3289 5579 3470 5628 appear
3501 5563 3880 5628 inTwysden's
3905 5571 4024 5614 text.

1942 5641 2243 5708 Twysden’s
2264 5649 2389 5692 text.
3029 5643 3080 5692 It
3125 5641 3170 5692 is
3215 5643 3434 5694 inserted
3487 5643 3542 5690 in
3579 5643 3666 5692 the
3719 5643 3920 5706 margin
3977 5643 4034 5692 of

2008 5725 2029 5752 ²
2050 5727 2193 5772 eram
2212 5721 2265 5770 in
2288 5721 2413 5784 orig.
3031 5717 3278 5768 Faustina
3299 5717 3360 5768 B.
3383 5717 3456 5768 ix.

2010 5805 2029 5832 ³
2054 5803 2149 5852 See
2170 5807 2295 5852 next
2318 5817 2461 5866 page.
3099 5799 3118 5826 ⁵
3141 5795 3320 5844 Isaiah
3353 5797 3406 5846 li.
3437 5803 3508 5848 16.

2010 5883 2027 5910 ‘¹
2054 5879 2181 5928 This
2212 5895 2439 5944 passage,
2464 5881 2609 5928 down
2646 5883 2699 5928 to
2730 5883 2765 5908 “
2787 5881 2944 5942 sequi·
3101 5879 3120 5904 ⁶
3145 5877 3368 5926 Omitted
3383 5877 3438 5924 in
3455 5877 3580 5940 orig.
3607 5893 3622 5934 3
3657 5875 3884 5938 supplied
3899 5875 4028 5924 from

1944 5961 1975 5986 “
2002 5959 2131 6020 ταν-ξ’
2156 5957 2325 6008 which
2342 5957 2387 6006 is
2410 5959 2645 6008 annexed
2662 5973 2715 6006 as
2732 5959 2942 6024 belong·
3035 5955 3280 6006 Faustina
3301 5955 3364 6006 Β.
3389 5955 3462 6006 ix.

1944 6037 2035 6102 ing
2078 6047 2133 6088 to
2170 6039 2255 6090 the
2288 6053 2485 6090 erasure
2530 6039 2685 6090 above
2728 6039 2944 6100 noticed,
