5559 8242
2296 2067 2501 2114 LIBER
2544 2067 2637 2114 DE
2682 2061 3304 2120 BENEFAOTORIBUS.
3717 2057 3842 2124 435

1762 2253 1897 2332 bus
1984 2275 2101 2338 per
2172 2253 2507 2318 sacristam
2584 2251 2986 2328 Monasterii,
3055 2251 3074 2288 ¹
3101 2253 3458 2340 aurifrigiis
3521 2253 3842 2338 pretiosiS,

1762 2355 2133 2442 sumptibus
2178 2355 2281 2418 sui
2326 2355 2533 2434 officii,
2584 2355 2930 2442 adaptatis,
3545 2427 3552 2436 ,

1848 2457 1875 2494 2
1894 2457 2183 2524 Domina
2248 2457 2575 2538 Johanna,
2642 2457 3054 2544 Principissa,
3101 2457 3358 2542 magnis
3403 2457 3846 2522 oblationibus

1758 2561 1997 2646 saepius
2026 2559 2391 2646 Martyrem
2420 2561 2786 2634 honoravit.
2877 2561 3068 2624 Inter
3111 2581 3294 2646 quaS,
3339 2559 3558 2622 nobile
3601 2559 3844 2630 monile

1758 2683 2029 2726 aureum
2092 2661 2151 2726 ei
2210 2661 2407 2740 dedit,
2472 2667 2541 2726 et
2608 2685 2725 2746 pro
2795 2661 3068 2728 caritate
3141 2661 3512 2728 Conventui
3581 2665 3844 2730 centum

1758 2763 1993 2828 solidos
2028 2763 2407 2850 assignavit.
2494 2763 2703 2834 Dedit
2734 2763 3002 2850 insuper
3037 2763 3322 2838 Domino
3363 2763 3614 2828 Abbati
3641 2783 3842 2838 unam

1756 2889 1989 2952 cupam
2048 2869 2429 2952 argenteam
2488 2871 2557 2930 et
2616 2865 3016 2946 deauratam,
3065 2889 3212 2930 cum
3257 2865 3630 2952 cooperculo
3677 2865 3842 2950 ejus-

1758 2969 1903 3032 dem
1950 2967 2269 3054 ponderi5‚
2314 2967 2525 3054 pretio
2570 2967 2597 3004 3
2819 3021 2838 3048 ,
2875 2967 3226 3054 imaginem
3273 2969 3538 3052 insuper
3581 2969 3842 3036 Sanctae

1758 3069 2003 3150 Mariae,
2056 3067 2083 3104 4
2106 3075 2441 3134 tenentem
2506 3091 2786 3156 puerum
2845 3069 2912 3136 in
2981 3069 3308 3150 manibuS,
3365 3069 3442 3134 de
3507 3069 3842 3148 aumbour

1754 3173 2005 3258 glauce,
2050 3177 2119 3240 et
2164 3171 2449 3238 faciebus
2512 3177 2579 3238 et
2638 3173 2709 3236 in
2768 3173 3074 3238 manibus
3145 3173 3224 3238 de
3293 3171 3630 3240 aumbowr
3673 3173 3840 3240 albo,

1756 3275 1781 3312 ⁵
1804 3277 2041 3342 Postea
2110 3275 2435 3344 Willelmo
2504 3275 3020 3356 Wathamstede,
3089 3279 3176 3342 ad
3243 3281 3548 3342 ornatum
3615 3277 3842 3342 feretri

1754 3379 1981 3444 Sancti
2032 3379 2307 3464 Oswyni
2368 3401 2485 3466 per
2548 3379 2804 3444 dictum
2869 3379 3206 3444 Abbatem
3275 3381 3536 3460 collati3
3601 3383 3842 3466 praeter

1754 3479 1999 3552 dolium
2036 3481 2181 3546 vini
2224 3483 2517 3568 quolibet
2564 3503 2735 3546 anno
2780 3481 3216 3568 plurimorum
3245 3503 3582 3558 annorum,
3613 3485 3682 3546 et
3713 3481 3842 3554 alia

1750 3583 2033 3668 pretiosa
2076 3585 2465 3648 munuscula
2510 3585 2719 3648 eidem
2762 3583 3016 3648 Abbati
3083 3607 3200 3672 per
3275 3583 3546 3652 eandem
3601 3585 3840 3670 saepius

1750 3687 1999 3752 collata.

1840 3789 2123 3852 Domina
2170 3787 2577 3864 Constantia,
2622 3787 2864 3874 conjux
2909 3787 3184 3852 Domini
3243 3787 3290 3852 J
3295 3787 3584 3868 ohannis,
3635 3785 3840 3852 Ducis

1752 3889 2169 3970 Lancastriae,
2218 3891 2403 3954 dedit
2446 3891 2709 3954 fabricae
2756 3891 3052 3974 coquinae
3079 3893 3326 3956 nostrae
3365 3889 3588 3954 decem
3617 3889 3838 3966 libras,

1750 3997 1815 4056 et
1860 3993 2113 4058 Abbati
2156 3997 2381 4058 nostro
2440 3995 2800 4060 memorato
2859 3991 3150 4056 nobilem
3209 4015 3294 4080 pa
3341 4015 3502 4056 num
3549 4013 3834 4072 aureum,

1746 4095 1975 4160 coloris
2020 4095 2291 4172 caerulei,
2356 4119 2475 4182 pro
2534 4095 2890 4182 aurifrigiis
2951 4117 3304 4180 capparum
3409 4099 3662 4158 atarum
3723 4085 3838 4182 per

1746 4197 1997 4262 Ducem
2028 4197 2457 4262 Gloucestriae
2488 4197 2794 4262 Ecclesiae
2839 4197 3168 4262 collatum.
3263 4197 3532 4262 Obtulit
3569 4197 3836 4284 insuper

1746 4299 2075 4384 quoddam
2134 4321 2405 4364 aureum
2464 4299 2938 4366 vestimentum
2991 4299 3208 4372 ,nobili
3269 4299 3520 4386 pellura
3563 4299 3834 4386 penula-

1740 4407 1905 4484 tum,
1960 4403 2379 4488 postmodum
2440 4403 2806 4484 venditum,
2867 4407 2936 4470 et
2997 4403 3068 4464 in
3123 4401 3486 4470 utilitatem
3531 4401 3834 4474 Ecclesiae

1744 4505 2177 4590 conversum]
2662 4497 2669 4504 ’

1834 4605 2167 4674 ssMatildis
2212 4607 2467 4692 Regina
2510 4607 2695 4672 dedit
2738 4605 2930 4672 nobis
2975 4605 3236 4692 Bewyk
3279 4613 3346 4674 et
3393 4605 3802 4694 Lylleburne.

1830 4709 1855 4746 '⁷
1868 4711 2119 4788 Emma,
2194 4711 2521 4788 Alienora,
2584 4713 2974 4796 Margareta,
3053 4709 3380 4790 Alienora,
3441 4711 3830 4794 Margareta,

1742 4813 2035 4878 Isabella.

1824 4915 2133 5000 Philippa
2176 4913 2423 4978 obtulit
2466 4935 2677 4980 unum
2718 4935 3014 4998 pannum
3061 4903 3332 4978 aureum
3375 4913 3746 4998 pretiosum.

1824 5017 2111 5082 Domina
2194 5017 2241 5080 J
2244 5017 2521 5094 ohanna,
2584 5015 3000 5104 Principissa‚
3065 5015 3320 5102 magnis
3387 5015 3828 5094 oblationibus

1736 5121 1973 5206 saepius
2004 5121 2365 5204 Martyrem
2398 5121 2761 5184 honoravit.
2861 5121 3052 5184 Inter
3083 5139 3266 5204 quaS,
3311 5119 3534 5182 nobile
3581 5119 3826 5184 monile

1736 5245 2007 5286 aureum
2088 5221 2151 5286 ei
2210 5221 2407 5310 dedit,
2470 5227 2537 5288 et
2596 5243 2713 5308 pro
2776 5221 3052 5286 caritate
3123 5219 3498 5286 Conventui
3563 5223 3824 5288 centum

1736 5325 1975 5390 solidos
2020 5323 2045 5360 ⁸
2070 5323 2443 5410 assignavit.

1802 5529 1817 5556 ¹
1842 5529 2091 5592 aurffiyiis
2112 5529 2165 5576 in
2192 5527 2317 5590 orig.
2891 5529 2910 5554 ⁵
2935 5527 3062 5574 This
3083 5541 3290 5590 passage
3313 5541 3522 5588 appears
3559 5531 3612 5576 to
3651 5525 3716 5574 be
3749 5525 3828 5574 in-

1798 5607 1819 5634 2
1844 5607 1967 5654 This
1980 5621 2203 5670 passage,
2218 5609 2365 5654 down
2378 5611 2431 5654 to
2446 5607 2733 5668 assi-quava,
2825 5607 3084 5666 complete.

1732 5683 1777 5732 is
1812 5699 1843 5732 a
1876 5699 2009 5734 mere
2030 5685 2293 5746 repetition
2316 5685 2373 5732 of
2398 5685 2485 5732 the
2518 5683 2735 5748 original
2889 5685 2910 5712 ⁶
2933 5683 3044 5732 The
3081 5681 3300 5748 original
3337 5689 3450 5732 text
3495 5683 3540 5730 is
3583 5685 3702 5732 here
3747 5699 3822 5732 re-

1732 5769 1841 5814 text
1876 5763 1931 5814 in
1976 5777 2107 5826 page
2152 5769 2267 5814 208.
2354 5763 2449 5814 See
2492 5763 2581 5812 the
2624 5769 2733 5814 text
2825 5763 3014 5822 sumed,
3037 5777 3168 5826 page
3195 5769 3308 5812 208.

1734 5843 1911 5894 belom
2893 5843 2912 5868 '¹
2935 5841 3122 5892 Names
3179 5843 3238 5892 of
3291 5841 3548 5892 succeedin
3555 5857 3590 5904 g
3645 5841 3826 5892 female

1800 5925 1821 5950 ³
1844 5921 2027 5972 Hiatus
2048 5921 2103 5972 in
2128 5921 2253 5986 orig.
2823 5921 3156 5970 benefactum.

1802 6001 1819 6028 ⁴¹
1844 6009 2095 6052 tenenetem
2114 6001 2171 6050 in
2194 6001 2321 6064 orig.
2895 6001 2918 6030 ⁸
2935 6001 3276 6066 assiynanavit
3291 6001 3350 6052 in
3371 5999 3496 6066 orig.

3425 6081 3644 6144 EE2
