5559 8242
1966 2067 2091 2128 148
2538 2073 2828 2122 HENRICI
2873 2073 2966 2120 nr.
3011 2071 3464 2122 BLANEFORDE

1634 2271 1797 2336 (A.D.
1964 2263 2079 2322 aut
2124 2255 2349 2344 pretio,
2396 2259 2589 2340 prout
2634 2277 2749 2340 per
2793 2255 3048 2320 litteras
3109 2277 3256 2320 suas
3315 2253 3700 2320 testificavit
3745 2253 4046 2334 bullatas,

1638 2339 1807 2402 ¹³²³)
1966 2357 2231 2446 praefato
2280 2357 2597 2442 Magistro
2644 2357 2956 2436 Johanni,
3005 2379 3120 2420 suo
3163 2357 3356 2442 pleno
3407 2355 3574 2440 jure,
3621 2363 4052 2422 memoratum

1968 2459 2249 2524 contulit
2296 2459 2781 2546 Episcopatum,
2827 2459 3086 2526 intuitu
3129 2459 3440 2524 caritatis

1638 2583 1779 2646 King
1794 2581 1897 2628 Ed·
2062 2561 2357 2628 Credidit
2422 2567 2647 2626 tamen
2718 2563 2902 2650 Papa
2975 2583 3060 2628 ex
3131 2561 3264 2626 hoc
3329 2565 3548 2650 grates
3625 2561 4052 2646 promeruisse

1638 2649 1777 2698 ward
1972 2663 2279 2748 speciales
2330 2685 2369 2726 a
2430 2663 2605 2748 Rege
2664 2667 2994 2748 praedicto.
3087 2663 3218 2730 Sed
3281 2685 3430 2730 cum
3495 2671 3820 2730 constaret
3889 2663 4056 2748 Regi

1640 2715 1823 2766 desires
1844 2721 1897 2762 to

1642 2781 1815 2832 confer
1834 2781 1921 2828 the
1976 2767 2055 2830 de
2100 2765 2441 2832 vacatione
2502 2765 2697 2830 dictae
2764 2769 2948 2846 sediS,
2997 2789 3134 2854 prae
3197 2767 3502 2832 omnibus
3561 2767 3752 2852 regni
3797 2765 4060 2844 clericis,

1642 2849 1915 2964 {ffigrfssoge
1978 2889 2131 2952 erga
2180 2869 2569 2952 Magistrum
2618 2867 2980 2934 Robertum
3025 2871 3104 2936 de
3151 2869 3464 2948 Baldoke,
3511 2869 4058 2934 Archidiaconum

1644 2979 1885 3030 Baldook.
1980 2971 2059 3034 de
2106 2967 2595 3054 {Middelsexia
2642 2973 2707 3036 et
2752 2971 2936 3056 regni
2987 2971 3480 3048 Cancellarium,
3529 2995 3644 3058 pro
3691 2973 3866 3036 dicto
3911 2971 4066 3056 Epi-

1980 3079 2249 3158 scopatu
2294 3073 2667 3152 obtinendO,
2714 3073 3164 3138 indesinenter
3233 3095 3340 3138 cor
3403 3095 3592 3140 suum
3641 3075 3788 3138 Rex
3831 3073 4064 3138 habuit

1980 3175 2411 3240 inclinatum:
2480 3177 2737 3242 litteras
2813 3197 2966 3240 suas
3041 3177 3518 3260 deprecatorias
3581 3199 3736 3240 mox
3799 3175 4070 3240 Summo

1984 3277 2231 3344 direxit
2276 3277 2599 3354 Pontifici,
2646 3299 2840 3362 super
2885 3277 3048 3342 dicti
3093 3277 3342 3362 negotii
3401 3279 3846 3364 completione.
3935 3279 4066 3342 Sed

1984 3379 2163 3464 Papa
2230 3379 2605 3464 hujusmodi
2664 3377 3098 3456 collationem,
3143 3383 3282 3442 tam
3335 3379 3480 3456 rite,
3545 3387 3708 3442 tam·
3745 3381 4068 3458 canonice,

1984 3481 2241 3562 factam,
2312 3483 2551 3562 nolens,
2630 3479 2798 3546 sicut
2871 3503 2992 3546 nec
3065 3481 3302 3560 decuit,
3363 3481 3640 3560 irritare,
3709 3483 4070 3568 quinimmo

1986 3585 2133 3672 plus
2176 3607 2319 3650 eam
2364 3585 2735 3664 ratificavit,
2770 3589 2838 3648 et
2881 3585 3224 3670 praefatum
3279 3583 3672 3670 Magistrum
3703 3585 3748 3650 J
3753 3585 4074 3650 ohannem

1988 3687 2059 3750 in
2090 3687 2485 3774 Episcopum
2516 3687 3038 3752 Wintoniensem
3085 3687 3156 3750 in
3203 3687 3428 3750 eadem
3473 3687 3674 3752 Curia
3719 3689 4074 3752 consecrari

1988 3789 2347 3854 mandavit.

2082 3893 2337 3972 Quibus
2398 3891 2699 3954 omnibus
2758 3891 2886 3956 rite
2931 3891 3230 3976 peractiS,
3279 3893 3536 3956 litteras
3599 3891 3890 3978 Papales,
3939 3899 4078 3956 tam

1992 3995 2159 4082 Regi
2202 4017 2399 4080 quam
2446 3993 2908 4060 Cantuariensi
2935 3993 3434 4080 Archiepiscopo
3481 3997 3548 4060 et
3593 3993 3756 4068 aliis,
3805 4015 4078 4080 quorum

1990 4101 2323 4176 intererat,
2358 4097 2437 4160 de
2482 4099 2623 4182 ipso
2654 4097 3062 4184 suscipiendo
3109 4101 3176 4162 et
3209 4097 3512 4162 omnibus
3557 4095 3686 4162 sibi
3729 4097 4082 4162 liberandis

1994 4223 2141 4286 quae
2186 4201 2271 4264 ad
2318 4199 2561 4264 dictam
2596 4199 2812 4264 sedem
2853 4199 3252 4284 spectabant,
3303 4199 3618 4286 recipiens
3665 4199 4082 4276 exhibendas,

1996 4303 2083 4368 ad
2156 4323 2431 4386 regnum
2506 4321 2573 4364 se
2650 4299 2924 4364 divertit
2991 4299 3452 4386 Anglicanum‚
3531 4307 3610 4364 ut
3683 4301 4082 4384 praedicitur,

2000 4405 2363 4490 expeditus.
2482 4403 2627 4482 Quo
2702 4407 3036 4488 pervent0‚
3099 4405 3182 4468 ab
3259 4403 3764 4488 Archiepiscopo
3833 4401 4086 4468 Cantu-

2002 4507 2241 4572 ariensi
2302 4511 2675 4568 reverenter
2740 4505 3062 4570 admissus
3123 4511 3244 4584 est,
3299 4509 3366 4570 et
3433 4505 3568 4570 suis
3635 4505 4084 4590 spiritualibus

1666 4633 1861 4696 Bishop
2000 4611 2369 4674 restitutus.
2462 4605 2591 4672 Sed
2640 4607 2802 4686 Rex,
2849 4629 2964 4672 suo
3009 4607 3344 4694 proposito
3387 4605 3458 4672 in
3509 4607 3632 4672 hac
3683 4611 3868 4694 parte
3923 4609 4092 4672 frus-

1670 4697 1979 4818 {itgassgzffiis
2004 4719 2233 4788 tratuS,
2288 4711 2575 4774 diversos
2632 4711 2938 4776 articulos
2999 4731 3362 4796 proponens
3431 4715 3658 4774 contra
3719 4731 3884 4788 eum,
3941 4733 4088 4776 cum

1748 4785 1783 4832 g
1932 4803 1945 4824 ’
2004 4817 2075 4880 in
2118 4815 2213 4880 rei
2260 4813 2541 4876 veritate
2598 4811 2767 4878 nihil
2813 4813 3050 4876 horum
3107 4833 3258 4876 reus
3309 4813 3542 4890 fuerat,
3601 4815 3720 4874 aut
3779 4813 4088 4894 consciUS,

2008 4941 2155 4986 eum
2200 4935 2333 4978 non
2380 4915 2687 4994 admisit3
2748 4913 2862 4980 sed
2931 4915 3236 4980 omnibus
3297 4913 3768 5000 temporalibus
3829 4915 4094 5002 Episco-

2006 5021 2193 5108 patui
2282 5015 2769 5102 pertinentibus
2845 5017 3228 5094 confiscatis,
3291 5017 3366 5080 in
3439 5017 3746 5082 omnibus
3813 5019 4094 5104 collegiis

2008 5141 2343 5210 procerum
2410 5123 2477 5184 et
2544 5121 2966 5215 praelatorum
3029 5119 3240 5184 multo
3301 5121 3594 5206 tempore
3659 5141 3700 5182 a
3761 5141 3880 5182 sua
3935 5143 4094 5206 prze-

2010 5225 2223 5288 sentia
2270 5223 2725 5306 sequestravit,
2770 5243 2892 5286 nec
2935 5243 3086 5286 eum
3129 5221 3356 5286 videre
3391 5227 3510 5286 aut
3557 5223 3782 5286 audire
3827 5225 4094 5286 curavit.

2014 5327 2143 5390 Sed
2188 5347 2335 5388 cum
2380 5325 2623 5410 pluries
2654 5325 2908 5388 accidat
2953 5325 3024 5388 in
3071 5325 3320 5402 effectu,
3353 5325 3528 5410 quod
3573 5345 3688 5410 per
3719 5325 4094 5408 Sapientem

2012 5429 2201 5492 nobis
2246 5427 2525 5492 refertur
2568 5427 2641 5490 in
2684 5433 2912 5504 metrO,

2324 5559 2359 5586 “
2392 5553 2547 5616 Post
2590 5551 2974 5616 inimicitias
3021 5549 3254 5616 clarior
3299 5555 3396 5616 est
3441 5555 3510 5616 et
3553 5549 3794 5630 amor‚'’

1684 5703 1789 5752 But
1810 5699 1985 5762 finally
2016 5681 2303 5756 tandem,
2362 5681 2581 5766 gratia
2642 5679 3008 5766 respirante
3061 5679 3326 5756 Divina,
3385 5679 3656 5766 ipsoque
3719 5681 3894 5766 pacis
3955 5705 4100 5746 auc-

1684 5769 1977 5898 ξξίῐῖἱῖᾞῡ
2016 5789 2159 5850 tore
2206 5805 2311 5846 cor
2360 5783 2559 5868 Regis
2604 5783 2938 5860 visitante,
2991 5781 3386 5868 Episcopum
3431 5789 3774 5868 gratanter
3821 5783 4100 5862 admisit,

1688 5903 1881 5952 favour.

2782 6015 2798 6044 ³
2823 6011 2898 6062 M
2895 6009 3148 6062 iddelseoeie
3167 6013 3226 6062 in
3243 6013 3364 6074 orig.
