5559 8242
2404 2075 2605 2124 REffls
2650 2075 2950 2126 ANGLIAE.
3593 2061 3722 2126 233

1632 2261 1819 2348 sequi
1884 2283 2003 2350 pro
2068 2259 2461 2328 liberatione
2528 2259 2653 2328 sibi
2728 2259 3028 2328 facienda
3087 2263 3168 2326 de
3227 2261 3724 2348 quibuscunque
3749 2281 4052 2334 A.D.1399.

1632 2365 2147 2442 haereditatibus
2206 2365 2347 2430 sive
2398 2365 2930 2442 successionibus
2987 2365 3206 2449 ipsum
3265 2369 3510 2430 extunc
3569 2385 3722 2430 con-

1626 2467 2053 2554 tingentibus,
2104 2471 2171 2532 et
2216 2465 2389 2550 quod
2442 2467 2824 2554 homagium
2873 2489 3070 2532 suum
3121 2469 3520 2551 respectuari
3575 2487 3722 2553 pos-

1624 2577 1741 2646 set,
1800 2590 1919 2653 pro
1978 2571 2107 2634 fine
2166 2567 2545 2634 rationabili
2600 2569 2916 2634 faciendo
3011 2567 3264 2648 Quibus
3323 2567 3564 2634 litteris
3629 2569 3718 2634 sic

1624 2671 1961 2748 revocatis,
2020 2671 2361 2736 evidenter
2426 2673 2735 2757 apparuit
2815 2671 3064 2758 Regem
3143 2671 3392 2738 dictum
3463 2671 3716 2738 Ducem

1620 2773 2041 2840 vehementer
2086 2773 2283 2850 odire,
2324 2779 2391 2838 et
2432 2795 2583 2838 eum
2626 2775 2810 2858 prius
2859 2769 3194 2860 relegasse‚
3243 2797 3378 2838 non
3419 2797 3540 2862 pro
3587 2775 3716 2840 dis-

1618 2877 2041 2952 sensionibus,
2116 2877 2475 2954 discordiiS,
2554 2877 2663 2942 vel
2732 2877 3148 2954 tumultibus,
3223 2899 3372 2964 quae
3445 2881 3714 2964 possent

1618 2979 2061 3044 verisimiliter
2102 2979 2257 3044 oriri
2294 2979 2471 3044 inter
2514 2977 2798 3044 familias
2843 2985 2912 3044 et
2939 2979 3252 3044 liberatas
3299 2979 3460 3044 dicti
3507 2979 3710 3046 Ducis

1618 3087 1683 3146 et
1732 3081 1933 3146 Ducis
1984 3081 2053 3144 N
2056 3081 2399 3158 orfolchiae,
2438 3087 2515 3146 ut
2560 3083 2884 3148 cautelose
2933 3081 3416 3168 praetenderat3
3465 3083 3580 3148 sed
3611 3087 3704 3158 ut,

1616 3183 1945 3246 occasione
1984 3183 2403 3272 relegationis
2448 3183 2840 3270 hujusmodi,
2869 3183 2944 3248 in
2991 3185 3266 3248 exilium
3293 3191 3512 3270 posset
3557 3205 3706 3248 eum

1612 3287 1879 3352 trudere
1922 3307 2039 3371 per
2068 3287 2275 3350 vitam
2320 3309 2523 3364 suam,
2556 3291 2625 3350 et
2656 3285 2749 3350 sic
2789 3309 3024 3350 manus
3065 3287 3332 3372 injicere
3381 3287 3514 3350 suis
3557 3308 3709 3371 pos-

1612 3393 2019 3468 sessionibus,
2084 3413 2231 3476 quae
2292 3381 2555 3458 fuerant
2632 3393 2796 3456 satis
2863 3393 3116 3478 amplae,
3179 3399 3246 3458 et
3307 3413 3382 3456 ea
3439 3393 3704 3456 sibimet

1612 3495 2049 3580 appropriare.

1700 3597 1887 3660 Circa
1934 3601 2191 3682 tempus
2232 3617 2537 3682 praesens,
2586 3597 2755 3660 obiit
2801 3595 3042 3658 nobilis
3091 3595 3382 3672 foemina,
3413 3595 3702 3660 Domina
3727 3609 3894 3660 Death
3915 3615 3974 3662 of

1606 3697 1999 3782 Margareta,
2056 3699 2335 3762 Ducissa
2386 3699 2455 3762 N
2458 3697 2834 3772 ortfolchiae,
2889 3699 3066 3781 apud
3121 3697 3458 3762 castellum
3507 3719 3698 3760 suum
3725 3675 3950 3792 ἓξὲξ-ἰ

1604 3799 1685 3862 de
1732 3797 2259 3882 Framyngham3
2308 3799 2491 3884 cujus
2538 3819 2769 3882 corpus
2823 3795 3116 3862 delatum
3177 3803 3278 3862 est
3341 3797 3698 3862 Londoniis
3723 3807 3956 3860 Norfolk.

1602 3923 1749 3966 cum
1796 3901 2037 3966 honore
2094 3903 2347 3986 grandi,
2404 3907 2471 3966 et
2522 3901 2856 3988 sepultum
2915 3899 2990 3964 in
3053 3901 3322 3966 ecclesia
3383 3901 3696 3966 Fratrum

1602 4003 1951 4068 Minorum.

1686 4105 1833 4170 Rex
1876 4105 2143 4182 interea,
2174 4105 2329 4170 licet
2358 4103 2725 4168 abundaret
2758 4105 3018 4170 divitiis
3049 4105 3226 4170 ultra
3273 4125 3498 4170 omnes
3527 4127 3692 4188 prae-
3719 4111 3830 4188 [she
3851 4113 3992 4192 lii-ng

1598 4207 1955 4272 decessores
2006 4229 2171 4284 suos
2216 4207 2525 4272 continue
2566 4211 2792 4284 tamen
2845 4205 2972 4270 sibi
3021 4207 3332 4291 pecunias
3389 4227 3692 4272 accumu-
3715 4181 4024 4308 ξγᾶὲῗὲἑνοᾱ

1600 4310 1735 4374 lare
1768 4307 2031 4394 sategit,
2066 4309 2233 4372 nihil
2272 4307 2541 4372 omnino
2584 4329 2818 4372 curans
2851 4329 2982 4396 quo
3029 4307 3224 4372 titulo
3273 4307 3424 4372 illas
3469 4315 3690 4391 posset
3715 4311 3966 4376 prophe&-

1596 4409 1935 4496 adquirere
2006 4411 2089 4476 de
2160 4409 2465 4476 manibus
2516 4465 2523 4474 ,.
2566 4407 2585 4446 ¹
2614 4409 3110 4494 [subditorum]
3221 4411 3690 4495 Decipiebatur

1592 4535 1825 4598 nempe
1848 4513 2085 4578 cotidie
2106 4533 2223 4598 per
2246 4513 2563 4596 quosdam
2592 4515 3236 4598 pseudo-prophetas,
3263 4519 3686 4598 suggerentes
3731 4529 3736 4536 “

1592 4613 1717 4678 sibi
1766 4613 1943 4708 quod
1998 4613 2423 4698 Imperatoris
2468 4613 2800 4698 dignitate
2843 4615 3274 4698 proculdubio
3319 4613 3488 4678 foret
3533 4617 3686 4680 sub-

1588 4715 1933 4792 limanduS,
1968 4719 2035 4780 et
2066 4715 2389 4780 maximus
2428 4737 2565 4780 esse
2608 4715 2878 4780 deberet
2909 4717 3090 4780 inter
3117 4715 3444 4800 principes
3475 4717 3684 4782 totius

1588 4819 1861 4896 mundi3
1918 4821 1987 4882 et
2032 4817 2429 4882 mentientes
2492 4817 2721 4898 eidem,
2789 4819 2964 4902 quod
3023 4817 3162 4902 ipse
3225 4823 3392 4882 esset
3451 4831 3684 4884 taurus

1586 4941 1779 5004 quem
1810 4941 2035 4984 versus
2064 4919 2339 4984 vatidici
2384 4919 2900 5004 praesignabant,
2951 4919 3064 5004 qui
3105 4919 3428 4984 thesauris
3473 4921 3682 4982 abun-

1588 5021 1859 5086 daturus
1910 5019 2163 5100 fuerat3
2226 5025 2295 5084 et
2348 5021 2737 5106 quandoque
2801 5021 3130 5106 cogendus
3191 5025 3334 5084 erat
3385 5019 3472 5084 acl
3531 5021 3680 5084 the-

1582 5143 1849 5188 saurum
1890 5143 2267 5206 recuperare
2312 5122 2808 5207 praecollectum,
2845 5121 3050 5208 juxta
3079 5143 3344 5186 versum
3379 5121 3678 5200 illum,—

1670 5261 1709 5288 “
1738 5253 1919 5316 Tunc
1966 5273 2125 5337 opus
2178 5257 2277 5316 est
2322 5259 2511 5318 tauro
2554 5253 2822 5338 proprio
2865 5255 3188 5318 confidere
3231 5257 3456 5316 stauro
3485 5277 3502 5332 3
3533 5251 3568 5278 ''

1582 5377 2053 5444 dementabant
2112 5399 2281 5456 eum,
2330 5381 2665 5463 praeterea,
2712 5379 3040 5466 fingentes
3087 5379 3262 5462 quod
3305 5379 3444 5466 ipse
3503 5385 3672 5444 esset

1578 5481 1787 5566 gallus
1834 5481 1913 5544 de
1960 5503 2085 5566 quo
2130 5481 2357 5546 eadem
2400 5481 2627 5564 tetigit
2672 5481 3036 5568 prophetia,
3083 5481 3260 5566 quod

1686 5643 1723 5670 “
1750 5633 1859 5698 Ad
1904 5633 2151 5720 gallum
2196 5655 2437 5698 nomen
2478 5635 2653 5698 tauri
2700 5633 3038 5712 transibit,
3089 5639 3158 5698 et
3201 5631 3546 5712 omen,''—-

1936 5949 1955 5980 1
1982 5949 2209 6004 Omitted
2220 5951 2275 6002 in
2296 5951 2421 6016 orig.
2446 5971 2461 6014 ς
2494 5953 2725 6018 supplied
2736 5951 2870 6002 from
2893 5953 3136 6004 Faustina
3157 5951 3222 6004 Β.
3243 5949 3318 6002 ix.
