5559 8242
1882 2051 2011 2114 182
2412 2061 2731 2114 ANNALES
2776 2037 3066 2114 RicARDI
3111 2065 3430 2128 suenum,

1546 2243 1681 2296 AD·
1708 2247 1853 2292 1395.
1876 2247 1935 2316 “,
1962 2241 2171 2306 tatem
2198 2237 2499 2306 hominis·
2578 2241 3018 2308 Corollarium
3047 2241 3146 2306 est
3175 2239 3466 2326 3--quod
3497 2261 3580 2306 ex
3607 2259 3746 2328 quo⁸
3769 2239 3970 2306 Sanc-

1882 2351 1915 2420 ‘f
1966 2347 2073 2408 tus
2126 2343 2369 2408 Paulus
2416 2343 2705 2422 dicit,-—1
2734 2349 2751 2378 ⁶
2776 2343 3122 2410 Habentes
3189 2343 3446 2408 victum
3505 2349 3596 2408 et·
3633 2345 3988 2430 vestitum„

1892 2451 1927 2482 ‘⁶
1974 2453 1991 2480 ‘
2020 2445 2151 2512 hiis
2196 2447 2497 2512 contenti
2560 2445 2800 2524 simus,'
2847 2445 3116 2510 videtur
3175 2445 3368 2510 nobis
3415 2445 3592 2532 quod
3635 2445 3972 2526 aurifabri,

1902 2557 1939 2584 “
1986 2555 2055 2614 et
2120 2553 2495 2626 armatores,
2556 2555 2625 2616 et
2692 2547 3086 2616 omnimodae
3161 2553 3336 2614 artes
3371 2561 3538 2614 ‘non
3599 2549 3978 2614 necessariae

1888 2659 1903 2688 ‘
1916 2661 1931 2686 ‘
1974 2653 2229 2718 homini
2258 2675 2375 2740 per
2404 2655 2822 2738 Apostolum,
2871 2654 3366 2719 destruerentur
3409 2673 3528 2738 pro
3575 2651 3978 2718 incremento

1888 2763 1927 2792 ‘⁶
1968 2757 2259 2822 virtutis
2352 2757 2525 2834 Quia
2560 2755 2587 2792 2
2604 2757 2761 2820 licet
2795 2757 2944 2822 istae
2983 2756 3134 2822 duae
3173 2759 3350 2820 artes
3385 2753 3750 2820 nominatae
3791 2759 3982 2820 erant

1890 2865 1927 2894 “
1970 2859 2259 2922 multum
2322 2857 2701 2922 necessariae
2760 2857 3016 2922 homini
3059 2859 3130 2924 in
3179 2859 3454 2946 antiqua
3497 2859 3658 2944 lege,
3713 2857 3984 2922 Novum

1894 2967 1931 2996 ‘⁶
1972 2967 2201 3038 tamen
2244 2959 2741 3024 Testamentum
2789 2961 3138 3026 evacuavit
3181 2983 3306 3038 eaS,
3355 2969 3424 3026 et
3467 2961 3714 3026 multas
3757 2961 3934 3026 alias.

1986 3071 2019 3098 “
2052 3063 2217 3130 Haec
2262 3069 2365 3128 est
2396 3067 2623 3128 nostra
2664 3063 3074 3140 ambassiata,
3107 3085 3306 3148 quam
3341 3063 3644 3146 Christus
3679 3063 3990 3150 praecepit

1900 3171 1933 3202 “
1978 3165 2169 3232 nobis
2212 3165 2539 3252 prosequi,
2584 3165 2717 3232 isto
2764 3169 3060 3252 tempore
3105 3165 3392 3230 maxime
3425 3167 3826 3252 acceptabili,
3871 3189 3990 3252 pro

1902 3275 1941 3306 “
1984 3269 2215 3334 multis
2246 3269 2497 3350 causis;
2538 3273 2605 3334 et
2638 3269 2940 3354 quamvis
2983 3267 3134 3334 istae
3179 3269 3474 3336 materiae
3521 3267 3660 3334 sint
3703 3269 3808 3334 hic
3849 3269 3994 3336 bre-

1906 3379 1939 3408 “
1988 3373 2163 3438 viter
2224 3377 2491 3450 notatae,
2538 3375 2697 3436 sunt
2748 3375 2972 3436 tamen
3023 3361 3098 3436 in
3157 3373 3286 3438 alio
3347 3373 3516 3438 libro
3559 3375 3740 3456 large
3785 3373 3996 3438 decla-

1906 3481 1941 3510 “
1986 3479 2171 3554 ratae,
2204 3479 2273 3538 et
2318 3475 2549 3540 multae
2578 3475 2729 3540 aliae
2758 3473 2976 3560 plures
3013 3475 3086 3540 in
3135 3479 3362 3538 nostro
3397 3473 3684 3558 Zanyaye
3713 3475 3996 3560 propriO,

1912 3585 1945 3612 ‘⁶
1990 3597 2153 3664 quas
2216 3577 2533 3642 vellemus
2598 3576 2777 3662 quod
2843 3581 3062 3642 essent
3127 3597 3504 3642 communes
3565 3575 3696 3642 toti
3757 3577 4000 3664 populo

1910 3685 1945 3714 “
1994 3679 2389 3746 Christiano,
2476 3681 2810 3766 Rogamus
2853 3679 3240 3762 Dominum,
3287 3681 3368 3744 de
3413 3701 3532 3744 sua
3575 3679 3842 3744 infinita
3885 3681 4002 3746 bo-

1914 3789 1951 3818 “
1996 3783 2227 3862 nitate,
2256 3787 2337 3848 ut
2378 3783 2689 3854 reformet
2730 3787 3028 3848 nostram
3071 3783 3430 3848 Ecclesiam
3475 3781 3788 3860 totaliter,
3819 3787 4004 3848 extra

1922 3893 1955 3922 “
1990 3885 2395 3972 juncturam,
2440 3885 2527 3950 ad
2572 3885 3044 3972 perfectionem
3089 3885 3192 3950 sui
3237 3885 3438 3972 primi
3483 3883 3718 3950 initii.''
3805 3963 3808 3966 ⁴

1582 4011 1749 4062 These
1762 4007 1897 4062 Con·
2008 3989 2139 4054 Hae
2200 3989 2665 4056 Conclusiones
2722 3989 3084 4076 praelibatae
3145 3993 3306 4054 sunt
3365 3993 3794 4068 manutentae,
3857 4011 4010 4076 sup-

1584 4079 1843 4210 sssssffffi
1922 4095 2219 4178 portatae,
2270 4113 2347 4156 ac
2410 4093 2786 4170 defensatae,
2845 4113 2962 4176 per
3023 4089 3318 4156 diversos
3377 4089 3678 4154 dominos
3731 4091 4008 4178 Angliee,

1584 4213 1863 4278 supported.
1922 4217 2171 4260 necnon
2230 4195 2515 4266 instanti
2572 4193 3018 4260 Parliamento
3077 4195 3450 4280 propositae,
3509 4197 3592 4258 ut
3647 4195 4010 4280 praefertur,

1738 4295 1741 4300 ’
1924 4319 2043 4384 per
2094 4297 2461 4362 Dominum
2506 4297 2828 4360 Thomam
2895 4295 3192 4362 Latimer
3253 4299 3320 4360 et
3367 4295 3730 4360 Dominum
3793 4297 4016 4362 Ricar-

1922 4399 2083 4464 dum
2128 4395 2153 4432 3
2176 4397 2403 4486 suny,
2436 4397 2729 4482 aliosque
2760 4399 2980 4486 plures
2995 4425 3020 4478 „3
3071 4398 3250 4463 unde
3279 4395 3306 4434 4
3323 4403 3550 4484 operte
3597 4399 4014 4486 scripserunt,

1924 4502 2095 4568 sicut
2140 4505 2329 4588 patet
2372 4523 2487 4588 per
2530 4523 2757 4566 versus
2801 4507 3166 4590 sequenteS,
3199 4503 3378 4588 quod
3417 4503 3548 4568 nisi
3583 4505 4018 4590 apponeretur

1924 4605 2287 4670 remedium
2330 4605 2403 4670 in
2436 4605 2792 4690 praedictis,
2835 4605 3120 4692 ipsimet,
3163 4629 3296 4670 non
3339 4611 3656 4692 tanquam
3701 4593 4020 4670 insurrec-

1926 4715 2105 4776 tores
2158 4713 2275 4774 aut
2334 4707 2509 4796 pacis
2580 4709 3036 4790 destructores,
3083 4708 3198 4774 sed
3239 4707 3412 4774 vitia
3473 4709 3768 4774 enormia
3825 4707 4022 4774 corri-

1928 4819 2177 4900 gentes,
2242 4813 2317 4876 in
2382 4833 2585 4878 manu
2652 4811 2812 4876 forti
2885 4810 3248 4876 remedium
3311 4817 3734 4896 apponerent.
3845 4813 4022 4890 Qua-

1932 4919 2203 5004 propter
2278 4913 2595 4980 timentes
2666 4913 2980 5000 Episcopi
3059 4917 3130 4978 et
3205 4913 3320 4978 alii
3379 4913 3510 4978 viri
3595 4913 4022 4990 ecclesiastici,

1932 5021 2257 5082 miserunt
2314 5015 2792 5082 Eboraeensem
2857 5015 3440 5104 Archiepiscopum
3485 5021 3554 5082 et
3615 5017 4026 5082 Londonien-

1936 5145 2071 5188 sem
2116 5121 2515 5208 Episcopum
2560 5119 2647 5184 ad
2688 5121 2956 5206 Regem,
3013 5123 3088 5184 ut
3135 5121 3446 5200 diximus„
3491 5121 3564 5186 in
3611 5119 4026 5200 Hiberniam,

1938 5225 2055 5310 qui
2096 5223 2269 5308 Regi
2310 5223 2629 5288 referrent
2674 5221 3062 5288 insolentias
3109 5221 3610 5304 Lollardorum.⁴

2028 5325 2157 5388 Hii
2198 5345 2429 5388 versus
2492 5325 2607 5412 qui
2672 5329 3056 5408 sequuntur,
3115 5325 3298 5388 affixi
3359 5325 3538 5390 fuere
3585 5323 3754 5390 ostio
3801 5323 4030 5390 Sancti

1942 5425 2135 5492 Pauli
2152 5451 2283 5512 3--.
2668 5429 2675 5438 '

2080 5569 2115 5598 “
2160 5563 2489 5648 Plangant
2534 5559 2904 5648 Anglorum
2949 5565 3180 5648 gentes
3225 5559 3470 5628 crimen
3517 5562 3974 5644 sodomorum3

2080 5671 2113 5700 “
2158 5663 2407 5730 Paulus
2446 5665 2593 5742 fert,
2632 5663 2866 5728 horum
2911 5669 3070 5736 sunt
3095 5665 3290 5730 ¹idola
3337 5683 3530 5730 causa
3579 5667 3914 5730 malorum.

2010 5991 2029 6022 1
2060 5997 2083 6038 1
2116 5991 2239 6042 Tim.
2262 5991 2335 6040 vi.
2356 5997 2407 6042 8.
3101 5991 3122 6020 ³
3149 5991 3296 6056 Story
3315 5991 3372 6042 in
3391 5989 3636 6042 Faustina
3655 5991 3716 6042 Β.
3737 5991 3812 6042 ix.

2014 6069 2035 6138 Ξ
2056 6067 2313 6138 Repeated
2332 6067 2389 6120 in
2410 6067 2535 6138 orig.
2993 5997 3012 6126 l
3101 6071 3122 6140 ..⁴
3141 6081 3308 6138 aperte
3329 6073 3386 6122 in
3405 6071 3648 6124 Faustina
3665 6071 3728 6122 B.
3751 6071 3824 6122 ix.
