5559 8242
1950 2015 2035 2086 72
2512 2033 2856 2084 JOHANNIS
2901 2033 2996 2082 DE
3039 2031 3462 2082 TRoKELowr.

1624 2239 1761 2292 A.D.
1786 2243 1927 2292 1312.
1948 2223 2169 2310 aliqua
2242 2223 2641 2292 Gallicorum
2704 2223 2936 2288 fraude
2999 2225 3496 2300 circumventUS,
3571 2223 3686 2288 sed
3753 2223 4038 2290 naturali

1948 2327 2125 2392 febre
2172 2331 2473 2402 vexatus,
2520 2327 2826 2412 spiritum
2879 2327 3108 2392 emisit.
3201 2327 3344 2406 Quo
3391 2327 3568 2412 apud
3599 2329 4040 2392 Westmonas-

1948 2429 2193 2494 terium
2220 2427 2571 2494 honorifice
2618 2429 2794 2494 inter
2839 2451 2990 2494 suos
3031 2429 3478 2516 progenitores
3509 2433 3866 2516 sepulturae
3911 2435 4042 2494 tra-

1950 2529 2107 2610 dit0,
2144 2531 2353 2596 dictus
2400 2531 2681 2596 Thomas
2726 2531 3180 2598 haereditatem
3225 2555 3410 2596 suam
3455 2533 3750 2612 intravit,
3797 2533 4040 2598 vitam·-

1948 2657 2073 2720 que
2120 2639 2187 2698 et
2232 2655 2439 2698 mores
2486 2633 2643 2698 boni
2698 2635 2912 2718 patris
2979 2635 3082 2700 sui
3151 2633 3220 2700 in
3281 2635 3524 2700 militia
3587 2641 3654 2700 et
3733 2637 4040 2722 largitate

1948 2735 2255 2824 prosequi
2296 2757 2431 2802 non
2476 2733 2786 2826 neglexit.

1948 2945 2047 3012 De
2078 2943 2527 3012 instructione
2562 2947 2840 3012 Comitis
2871 2945 3266 3024 Limozmjoe,
3299 2955 3360 3012 et
3403 2947 3484 3012 de
3531 2945 4040 3032 desponsatione

2837 3049 3018 3134 filice
3063 3071 3218 3116 suae.
3313 3057 3316 3060 ’

1620 3187 1817 3266 ᾼᾶνὶοε
2040 3179 2057 3218 ¹
2088 3181 2439 3266 [T]homaS,
2464 3181 2695 3246 Comes
2718 3181 3134 3258 Lancastriae,
3163 3181 3372 3244 filiam
3399 3179 3640 3244 nobilis
3671 3181 3802 3244 viri
3825 3179 4040 3246 Comi-

1616 3261 1843 3372 {figessnass}
1858 3317 1919 3366 of
1948 3285 2039 3348 tis
2074 3283 2449 3360 Lincolniae,
2500 3285 2525 3320 2
2548 3305 2695 3368 quae
2728 3283 2852 3348 sibi
2901 3283 3092 3348 unica
3133 3283 3368 3362 fuerat,
3397 3305 3698 3376 processu
3727 3285 4040 3368 temporis

1616 3389 1903 3464 Lam-aster,
1948 3387 2389 3472 desponsavit.
2482 3387 2615 3464 Qui
2684 3385 2950 3470 quidem
2999 3385 3232 3450 Comes
3279 3391 3588 3450 strenuus
3653 3387 3726 3448 in
3779 3385 4036 3462 militia,

1614 3453 1879 3570 iazhlssff-in-
1946 3493 2371 3572 maturusque
2418 3487 2489 3552 in
2532 3487 2836 3566 consiliis,
2879 3509 2996 3552 suo
3043 3493 3338 3572 tempore
3385 3489 3614 3564 fuerat,
3665 3491 3734 3552 et
3787 3487 4038 3552 dictum

1614 3587 2277 3670 law‚He11rY›Thomam,
2314 3595 2391 3654 ut
2440 3591 2657 3654 filium
2704 3595 2773 3656 et
2819 3589 3144 3654 haeredem
3189 3613 3400 3668 suum,
3431 3591 3504 3654 in
3547 3591 3752 3674 gestis
3797 3591 4040 3654 milita-

1614 3653 1737 3702 Earl
1760 3653 1819 3702 of
1982 3693 1993 3708 .
2578 3693 2589 3708 .
2778 3693 2792 3706 .
2895 3693 2906 3706 .
2945 3693 2958 3708 .
3245 3693 3258 3706 .

1614 3719 1843 3770 Lineoln.
1942 3693 2125 3756 ribus
2170 3697 2239 3756 et
2284 3693 2477 3756 modo
2526 3693 2800 3758 vlvendi
2843 3693 3194 3778 dlligenter
3237 3693 3628 3756 instruebat.

2036 3795 2181 3874 Hic,
2232 3817 2381 3858 cum
2428 3795 2603 3860 diem
2650 3793 2880 3884 mortis
2927 3817 3060 3858 suae
3109 3799 3402 3858 cerneret
3447 3795 3804 3872 imminere,
3851 3795 4040 3858 veni-

1948 3903 2167 3962 entem
2206 3897 2293 3960 ad
2340 3921 2407 3962 se
2454 3897 2790 3978 Thomam‚
2841 3903 2918 3962 ut
2963 3897 3308 3984 languores
3377 3897 3580 3984 ipsius
3623 3921 3742 3984 pro
3787 3897 4038 3964 viribus

1946 4001 2297 4086 mitigaret,
2344 4007 2413 4066 et
2458 4007 2535 4066 ut
2580 4001 2886 4066 ultimam
2931 4001 3072 4086 ejus
3131 4001 3654 4066 benedictionem
3701 4003 4036 4086 acciperet,

1946 4105 2035 4168 sic
2080 4109 2179 4168 est
2224 4105 2545 4170 allocutus
2566 4113 2713 4168 t—-“
2758 4103 2892 4166 Fili
2935 4105 3046 4182 mi,
3093 4105 3296 4168 filiam
3341 4125 3554 4168 meam
3601 4105 3864 4168 unicam
3925 4105 4034 4168 de-

1948 4213 1981 4240 “
2026 4209 2389 4294 sponsasti3
2436 4207 2613 4270 unde
2644 4205 2994 4284 haereditas
3025 4227 3168 4270 mea
3215 4203 3346 4270 tibi
3389 4205 3734 4270 incumbit.
3827 4205 4034 4272 Filius

1948 4317 1981 4346 “
2026 4311 2289 4396 quid-em
2334 4311 2495 4374 boni
2536 4311 2743 4396 patris
2791 4331 2874 4386 eS,
2921 4331 3008 4374 ex
3049 4315 3236 4394 parte
3267 4307 3452 4392 cujus
3497 4313 3630 4374 tres
3663 4309 4034 4376 Comitatus

1946 4419 1983 4448 ‘⁶
2028 4413 2337 4492 habuisti,
2362 4419 2431 4478 et
2454 4435 2629 4478 nunc
2650 4435 2767 4498 per
2795 4435 3068 4476 uxorem
3101 4419 3286 4478 tuam
3311 4413 3474 4476 duos
3497 4413 3660 4476 alios
3689 4413 4032 4492 obtinebis„

1944 4525 1975 4552 “
2024 4515 2349 4594 videlicet,
2398 4515 2755 4582 Lincolniae
2789 4521 2856 4580 et
2895 4515 3302 4594 Sarisbiriae3
3347 4521 3414 4580 et
3465 4515 3554 4578 sic
3601 4537 3796 4600 super
3843 4515 4032 4602 quin-

1916 4625 1977 4704 *“
2024 4641 2149 4704 que
2200 4617 2567 4682 Comitatus
2614 4619 3068 4682 dominaberis
3147 4617 3480 4682 Memento
3527 4639 3700 4702 ergo,
3753 4619 4034 4704 qualiter

1942 4729 1979 4754 “
2022 4743 2157 4806 prae
2202 4721 2449 4786 cunctis
2496 4721 2759 4806 Angliae
2789 4721 3208 4806 magnatibus
3257 4719 3580 4784 Dominus
3625 4725 3692 4786 te
3743 4721 4030 4800 ditavit3

1944 4831 1977 4860 “
2026 4825 2195 4888 unde
2240 4821 2555 4886 honorem
2580 4835 2587 4838 ”
2620 4823 2747 4886 sibi
2809 4845 2946 4908 prae
3007 4823 3260 4890 caeteris
3327 4823 3706 4908 impendere
3775 4825 4030 4888 teneris,

1942 4931 1979 4962 ‘⁶
2028 4923 2257 5016 Cernis
2320 4925 2463 5010 jam
2528 4925 2786 4992 oculata
2843 4925 2992 5004 fide,
3053 4927 3230 5012 quod
3299 4927 3590 4992 Ecclesia
3651 4927 4030 5012 Anglicana,

1940 5035 1975 5064 ‘⁶
2022 5051 2167 5114 quae
2198 5029 2447 5094 solebat
2494 5051 2629 5094 esse
2658 5027 2882 5106 libera,
2911 5049 3028 5114 per
3077 5031 3520 5116 oppressiones
3565 5031 4030 5106 Romanorum,

1942 5139 1975 5164 ‘⁶
2024 5137 2091 5196 et
2122 5133 2399 5218 injusta-s
2430 5133 2804 5198 exactiones
2851 5131 2892 5196 a
2919 5133 3186 5218 regibus
3233 5133 3478 5198 totiens
3509 5137 3822 5212 extortaS,
3853 5155 4028 5196 nunc

1940 5241 1973 5268 “
2018 5235 2193 5300 facta
2246 5241 2343 5300 est
2398 5235 2647 5298 ancilla.
2740 5233 3030 5320 Populus
3079 5235 3276 5300 etiam
3325 5241 3516 5300 terrae
3577 5241 3836 5314 nostrae,
3883 5259 4030 5320 quse

1936 5345 1971 5372 ⁶<
2018 5337 2245 5402 multis
2290 5337 2711 5404 libertatibus
2758 5337 3042 5424 gaudere
3089 5339 3360 5418 solebat,
3411 5339 3614 5402 variis
3669 5339 4032 5402 vexationi-

1942 5447 1975 5474 “
2018 5441 2143 5504 bus
2188 5445 2257 5504 et
2314 5441 2651 5528 talliagiis,
2696 5461 2812 5526 per
2871 5463 3054 5528 reges
3115 5441 3244 5506 huc
3303 5461 3506 5526 usque
3569 5439 3908 5526 impositis,
3957 5443 4028 5504 in

1936 5551 1969 5578 “
2014 5543 2401 5608 servitutem
2448 5545 2808 5608 deducitur.
2905 5543 3118 5622 Quare
3163 5549 3232 5608 te
3271 5543 3518 5628 adjum,
3569 5565 3684 5628 pro
3727 5543 4028 5610 benedic-

1936 5655 1973 5678 “
2018 5647 2195 5710 tione
2246 5647 2373 5710 Dei
2426 5651 2493 5710 et
2546 5645 2691 5724 mei,
2750 5651 3088 5730 quatenus,
3133 5667 3282 5710 cum
3325 5651 3586 5730 tempus
3631 5645 3872 5710 videris
3921 5667 4028 5730 op-

1938 5757 1971 5782 “
2014 5755 2391 5836 Portunum,
2440 5747 2798 5814 Ecclesiam
2847 5753 2912 5812 et
2963 5749 3282 5834 populum
3329 5769 3412 5812 ex
3471 5749 3716 5814 talibus
3761 5769 4026 5836 oppres-

2837 5891 4012 5900 —wfflu———n-——m—-ffl———Qss

1998 5961 2013 5990 1
2044 5959 2265 6010 Omitted
2284 5959 2339 6008 in
2364 5959 2489 6024 orig.
2983 5959 2994 6024 Ι
3087 5961 3108 5990 ’-’
3129 5961 3230 6024 qui,
3253 5959 3468 6012 Hearne.
