5559 8242
1968 2037 2101 2098 434
2811 2051 3180 2100 APPENDIX.

1970 2231 2311 2322 Principis,
2340 2237 2623 2324 vestigia
2666 2237 2878 2322 patris
2917 2257 3212 2320 sequenS,
3245 2235 3486 2300 obtulit
3531 2235 3772 2298 feretro
3819 2233 4058 2298 monile

1972 2359 2257 2420 aureum,
2322 2343 2407 2418 et,
2480 2341 2565 2404 ad
2626 2341 3092 2404 ornamentum
3171 2337 3492 2416 Ecclesiae,
3565 2339 3732 2402 duos
3811 2359 4060 2424 pannos

1972 2465 2219 2524 aureoS,
2282 2463 2561 2526 quorum
2622 2463 2802 2526 opus,
2851 2443 2936 2506 ad
2999 2443 3270 2506 modum
3331 2443 3544 2506 vineae
3591 2441 4060 2526 consurgendo,

1970 2545 2195 2610 botros
2260 2549 2325 2608 et
2386 2565 2601 2606 ramos
2660 2545 2900 2608 dilatat
2969 2543 3418 2608 decentissime
3479 2545 3638 2608 locis
3701 2543 3944 2608 debitis
3993 2549 4060 2608 et

1972 2647 2391 2732 opportunis:
2438 2649 2505 2710 et
2554 2645 2735 2710 dedit
2778 2645 3154 2712 Conventui
3197 2651 3464 2710 centum
3503 2645 3762 2712 solidos,
3853 2647 4062 2710 Dedit

1972 2747 2257 2832 insuper,
2302 2747 2389 2810 ad
2434 2747 2914 2832 reparationem
2975 2753 3186 2832 portae
3249 2747 3332 2812 de
3379 2747 3818 2832 Tynemutha,
3873 2751 4062 2832 quin-

1974 2855 2205 2934 gentas
2248 2847 2467 2914 libras.

2066 2951 2087 2988 1
2116 2951 2643 3036 [Tertio-decimo
2676 2953 3016 3018 Kalendas
3047 2955 3314 3040 Aprilis,
3347 2953 3672 3018 Dominus
3713 2955 4060 3034 Heni-icus,

1978 3055 2125 3120 Rex
2152 3055 2413 3140 Angliae
2456 3055 2952 3134 illustrissimae,
2995 3077 3036 3120 a
3083 3055 3482 3142 Conquaestu
3535 3055 3844 3136 QuartuS,
3893 3057 4064 3122 diem

1976 3159 2209 3222 clausit
2256 3163 2665 3240 extremuni3
2732 3159 2848 3242 qui
2901 3159 3194 3244 specialis
3257 3163 3512 3224 amator
3555 3159 3682 3224 loci
3725 3161 4066 3246 praesentis

1978 3261 2223 3338 extitit,
2270 3265 2339 3324 et
2380 3261 2767 3326 libertatum
2805 3261 2942 3326 sive
2985 3261 3476 3348 privilegiorum
3515 3267 3894 3328 nostrorum
3923 3285 4064 3348 gra-

1976 3361 2361 3428 tiosissimus
2424 3369 2788 3430 renovator.
2903 3363 3108 3450 Cujus
3175 3363 3414 3430 animae
3479 3365 3876 3450 propitietur
3939 3365 4064 3430 cle-

1978 3465 2229 3540 mentia
2272 3465 2653 3534 Salvatoris
2744 3469 2978 3532 Amen.

2068 3569 2113 3634 J
2116 3569 2419 3646 ohannes,
2498 3569 2655 3634 Dux
2748 3571 3164 3648 Lancastriae,
3251 3591 3370 3654 pro
3463 3569 3684 3634 anima
3767 3571 4068 3636 Dominae

1982 3671 2305 3750 Blanchae,
2336 3671 2557 3736 uxoris
2602 3693 2753 3750 suae,
2789 3671 2972 3756 cujus
3019 3693 3248 3758 corpus
3295 3671 3402 3738 hic
3445 3671 3878 3756 pernoctavit,
3923 3695 4070 3738 con-

1980 3775 2145 3840 tulit
2200 3777 2353 3840 huic
2420 3775 2725 3840 Ecclesiae
2787 3777 2952 3840 duos
3017 3797 3268 3862 pannos
3335 3795 3582 3854 aureos,
3647 3781 3714 3840 et
3791 3777 4068 3842 contulit

1980 3879 2261 3964 insuper,
2300 3879 2385 3942 ad
2426 3879 2906 3962 reparationem
2951 3885 3162 3964 portae
3209 3877 3410 3944 Cellae
3453 3883 3698 3944 nostrae
3741 3879 3822 3942 de
3857 3879 4070 3962 Tyne-

1984 3981 2235 4062 mutha,
2268 3987 2531 4046 centum
2568 3981 2781 4046 libras.
2877 3981 3028 4062 Hic,
3065 3981 3264 4066 hujus
3303 3981 3688 4046 Monasterii
3733 3985 3804 4044 et
3845 3981 4072 4046 Abba-

1984 4085 2071 4148 tis
2110 4083 2139 4120 2
2156 4085 2503 4150 memorati
2548 4089 2800 4150 amator
2839 4083 3220 4168 praecipuus
3251 4083 3462 4148 eidem
3503 4083 3888 4150 multotiens
3917 4083 4074 4150 vina

1984 4187 2283 4264 contulit,
2330 4185 2597 4272 negotia
2640 4187 2990 4272 promovit,
3025 4189 3092 4250 et
3131 4185 3486 4250 Ecclesiam
3531 4185 3666 4248 suis
3709 4187 4074 4272 magnificis

1984 4295 2053 4354 et
2096 4289 2547 4374 frequentibus
2594 4287 3034 4352 oblationibus
3083 4287 3440 4372 plurimum
3483 4287 3926 4374 locupletavit.

2074 4391 2401 4456 Dominus
2464 4391 2747 4456 Thomas
2813 4391 3232 4470 Wodestoke,
3301 4391 3476 4456 filius
3543 4391 3740 4476 Regis
3795 4391 4076 4478 Angliae‚

1984 4495 2191 4558 frater
2234 4493 2397 4558 dicti
2446 4493 2649 4560 Ducis
2710 4493 3124 4572 Lancastriae,
3197 4495 3360 4558 Dux
3425 4493 3812 4574 Gloverniae,
3881 4495 3992 4580 huj
4001 4517 4076 4560 us

1990 4597 2377 4662 Monasterii
2428 4597 2846 4662 fraternitate
2909 4601 3184 4686 recepta,
3233 4597 3476 4664 obtulit
3521 4597 3764 4664 Sancto
3817 4599 4076 4664 Albano

1988 4701 2229 4766 monile
2266 4723 2535 4766 aureum
2572 4701 2920 4782 circulare3
2965 4703 3038 4764 in
3089 4699 3194 4786 cuj
3203 4723 3276 4764 us
3317 4701 3530 4766 medio
3575 4723 3826 4788 cygnus
3869 4703 4076 4782 albus,

1990 4803 2109 4868 alis
2156 4803 2341 4888 quasi
2400 4807 2483 4868 ad
2530 4805 2886 4870 volandum
2947 4805 3272 4890 expansiS,
3347 4805 3644 4884 habetur,
3713 4809 3778 4868 et
3843 4805 3914 4868 in
3961 4805 4082 4868 cir-

1990 4907 2171 4970 cuitu
2246 4907 2507 4972 monilis
2566 4905 2593 4942 3
2614 4907 2924 4994 sapphiri,
2995 4929 3142 4972 cum
3207 4907 3580 4986 unionibuS,
3649 4905 4080 4996 pulcherrime

1992 5013 2149 5076 sunt
2190 5009 2401 5076 locati.
2494 5009 2703 5076 Dedit
2748 5011 3014 5096 insuper
3061 5013 3224 5076 duos
3269 5031 3522 5096 pannos
3565 5031 3798 5076 aureos
3841 5013 3926 5076 ad
3973 5011 4082 5074 de-

1990 5113 2329 5178 ferendum
2374 5135 2571 5200 supra
2628 5113 2944 5180 feretrum
3005 5113 3236 5178 Sancti
3287 5111 3548 5192 Albani,
3609 5117 3678 5178 et
3737 5113 4080 5178 duodecim

1992 5237 2241 5302 pannos
2298 5237 2527 5282 aureos
2580 5217 2796 5304 campi
2861 5217 3062 5292 rubri,
3125 5217 3338 5304 operis
3399 5217 3586 5298 varii,
3653 5239 3800 5280 cum
3869 5215 4082 5282 tribus

1990 5319 2229 5404 pannis
2274 5319 2487 5384 aureis
2532 5319 2767 5386 coloris
2819 5319 3092 5400 viridis3
3141 5321 3216 5384 in
3261 5319 3506 5406 viginti
3551 5321 3770 5406 cappis
3813 5319 4082 5384 chorali-

2062 5677 2079 5706 1
2104 5673 2269 5724 These
2300 5673 2499 5736 entries,
2532 5673 2651 5724 here
2686 5675 2902 5724 denoted
2927 5675 2998 5736 by

1994 5753 2245 5814 brackets,
2290 5769 2373 5806 are
2430 5753 2651 5804 inserted
2700 5753 2753 5802 in
2811 5761 2998 5804 vacant

1998 5849 2167 5898 spaces
2182 5835 2401 5898 inpages
2424 5841 2537 5894 206,
2562 5839 2677 5896 207,
2694 5835 2796 5882 and
2819 5849 2902 5884 are
2945 5835 3004 5884 of

1996 5929 2029 5964 a
2048 5916 2171 5964 later
2196 5915 2323 5964 date.

2062 5997 2083 6024 ²
2104 5995 2359 6058 Probably
2388 5993 2445 6042 in
2482 5991 2699 6044 allusion
2730 6001 2783 6042 to
2819 5993 2996 6044 Abbot

3093 5673 3314 5724 Thomas
3337 5675 3398 5724 de
3419 5675 3470 5724 la
3489 5673 3650 5734 Mare,
3677 5675 3788 5724 who
3813 5673 3926 5724 died
3945 5673 4084 5724 A.D.

3095 5759 3240 5814 1396,
3281 5757 3380 5804 ancl
3419 5753 3464 5802 is
3501 5753 3790 5804 mentioned
3823 5753 3878 5800 in
3913 5769 3942 5802 a
3971 5769 4085 5818 pre-

3091 5833 3272 5898 ceding
3307 5839 3536 5896 account,
3569 5833 3722 5898 given
3757 5833 3812 5882 in
3845 5833 3956 5884 MS.
3981 5835 4082 5886 No.

3089 5913 3234 5976 VII„
3257 5915 3318 5962 of
3329 5913 3416 5962 the
3443 5913 3644 5962 Abbots
3669 5913 3728 5962 of
3755 5913 3828 5966 St.
3851 5913 4082 5964 Aiban’s.

3155 5993 3174 6020 ³
3197 5993 3340 6054 safirz'
3361 5993 3416 6042 in
3433 5993 3560 6058 orig.
