5559 8242
1478 2219 1619 2272 A.D.
1648 2221 1789 2268 1265.

1480 2309 1593 2360 The
1606 2307 1729 2358 Earl
1742 2307 1801 2358 of

1482 2377 1739 2426 Leicester

1480 2451 1759 2560 ῗῖιῖἓᾞιῑῖὴ

1480 2577 1567 2628 the
1590 2577 1747 2640 ng‘
1816 2625 2135 2710 ipsemet3
2214 2625 2581 2708 quinetiam
2662 2629 2894 2688 contra
2967 2625 3182 2712 legem
3251 2625 3506 2710 egisset,
3569 2627 3704 2710 qni>
3763 2629 3912 2712 post
3985 2647 3994 2658 x

1492 3467 1695 3520 certain

1488 3537 1663 3586 nobles

1488 3603 1677 3654 second
1692 3599 1771 3648 his

1442 3713 1445 3716 ,
1486 3671 1700 3720 endeav-

1486 3749 1621 3786 ours.

1496 4587 1605 4638 The
1618 4585 1801 4650 King‘s

1494 4655 1713 4704 conduct

1496 4721 1551 4770 in
1574 4737 1691 4782 cap-

1498 4787 1669 4852 tivity.

3031 1869 3068 1912 'x

1818 2019 1901 2082 16
2484 2035 2659 2084 orus
2704 2031 3236 2084 onnomoonun.

1840 2261 1843 2264 -
1906 2215 2185 2284 Interim
2240 2217 2475 2286 Comes
2536 2217 2910 2284 Leicestriae
2963 2219 3214 2306 Regem
3265 2217 3484 2284 verbis
3539 2219 3912 2306 compositis

1818 2323 1885 2386 et
1942 2321 2255 2386 modestis
2314 2321 2407 2384 sic
2474 2319 2852 2404 alloquitur,
2909 2323 3238 2386 rationem
3299 2321 3670 2406 praeferens,
3737 2321 3914 2408 quod

1818 2421 1965 2486 Rex
2026 2421 2113 2484 ad
2174 2443 2453 2506 regnum
2514 2429 2583 2486 et
2632 2421 2727 2484 ad
2785 2423 3080 2508 regimen
3139 2421 3328 2508 regni
3373 2425 3794 2508 aspiraverat,
3845 2427 3914 2488 et

1818 2543 2077 2586 omnem
2122 2521 2323 2586 fidem
2366 2523 2575 2608 regni,
2610 2521 2906 2606 juratam
2969 2529 3038 2588 et
3095 2523 3476 2608 pollicitam,
3531 2525 3918 2608 neglexerat

1818 2731 2299 2792 sacramentum
2344 2725 2729 2812 juramenti,
2791 2727 3126 2792 decretum
3185 2727 3548 2812 infringere
3609 2731 3676 2792 et
3735 2727 3916 2792 infir-

1816 2851 1997 2896 mare
2066 2851 2199 2894 non
2262 2829 2646 2896 erubuisset.
2752 2829 3168 2894 Animabant
3233 2829 3550 2894 nimirum
3619 2831 3914 2894 animum

1822 2931 2101 2998 Comitis
2146 2933 2509 2996 multorum
2556 2931 2988 2998 discretorum
3033 2931 3306 3018 eloquia,
3355 2953 3518 3016 quos
3563 2953 3758 3018 super
3803 2951 3914 2996 ne-

1818 3033 2001 3122 gotio
2050 3031 2069 3070 ¹
2092 3035 2521 3112 consuluerat,
2574 3033 2759 3098 nullo
2819 3035 3014 3098 modo
3073 3057 3224 3100 eum
3283 3055 3472 3122 posse
3531 3035 3670 3098 sine
3729 3033 3916 3120 igno-

1818 3139 2025 3204 minia
2054 3139 2263 3204 vitam
2308 3137 2499 3202 finire
2546 3143 2956 3222 praesentem,
2989 3137 3098 3202 vel
3143 3137 3380 3204 mereri
3431 3129 3918 3204 beatitudinem

1820 3241 2081 3318 futurae,
2148 3241 2205 3304 si
2270 3239 2725 3326 juramentum
2795 3259 2986 3304 suum
3053 3239 3318 3302 irritum
3385 3239 3644 3304 faceret.
3751 3237 3916 3304 Haec

1824 3343 2191 3428 optimates,
2260 3341 2499 3428 saepius
2566 3339 3000 3426 pristinorum
3069 3339 3534 3406 beneficiorum
3605 3341 3924 3420 memoria·

1822 3443 2095 3522 inducti,
2142 3443 2463 3510 dixerunt
2494 3443 2810 3528 Regi,—-“
2843 3441 2918 3508 Si
2947 3443 3272 3508 Dominus
3305 3443 3450 3508 Rex
3491 3465 3726 3506 sanum
3773 3465 3922 3508 con-

1826 3553 1861 3580 “
1906 3545 2125 3610 silium
2166 3545 2509 3632 respuerit,
2540 3547 2705 3610 sciat
2740 3567 2810 3610 se
2847 3567 3060 3612 seram
3103 3545 3566 3632 poenitentiam
3597 3551 3920 3624 acturum,

1822 3655 1859 3684 “
1902 3669 2053 3712 cum
2100 3649 2317 3714 oculos
2364 3669 2515 3712 suos
2546 3645 2872 3726 clauserit,
2909 3645 3038 3726 Qui
3077 3645 3296 3712 aufert
3331 3647 3642 3732 spiritum
3683 3647 3922 3734 prinoi-

1824 3755 1861 3786 “
1906 3747 2121 3836 pum.”
2210 3751 2359 3814 Rex
2416 3755 2657 3824 autem,
2706 3749 3016 3832 quamvis
3059 3747 3268 3812 nimio
3305 3747 3530 3812 favore
3577 3749 3922 3826 obnoxius,

1822 3849 2205 3936 aliquandiu
2236 3851 2509 3914 auribus
2554 3851 2689 3914 suis
2728 3849 3152 3916 blandientes
3193 3849 3642 3914 dissimulavit
3671 3849 3914 3928 audire,

1822 3951 2117 4018 mollitus
2146 3951 2485 4018 dilationis
2516 3951 3044 4030 amaritudinem,
3077 3953 3200 4028 vel,
3223 3953 3398 4036 quod
3429 3953 3640 4038 magis
3671 3951 3920 4038 opinor,

1822 4053 2065 4120 futurae
2108 4053 2383 4118 ultionis
2438 4053 2924 4120 discussionem.
3017 4055 3158 4118 Nec
3205 4055 3418 4118 solum
3469 4053 3592 4118 hoc
3637 4077 3678 4116 a
3725 4053 3920 4140 Rege,

1824 4157 1937 4220 sed
1996 4161 2065 4220 et
2122 4157 2207 4220 ab
2254 4155 2705 4242 optimatibus,
2752 4155 2840 4218 ab
2885 4155 3014 4220 hiis
3059 4157 3260 4220 etiam
3321 4179 3484 4242 quos
3527 4157 3920 4222 constantiae

1822 4257 1959 4342 ejus
2002 4255 2263 4320 invidia
2308 4259 2477 4320 clam
2522 4257 2884 4336 mordebat,
2933 4259 3220 4322 maxime
3269 4281 3308 4320 a
3351 4257 3676 4322 ministris
3723 4257 3924 4342 Regis

1824 4363 1893 4424 et
1958 4359 2237 4424 Comitis
2286 4357 2677 4434 Gloverniae‚
2746 4381 3026 4446 quaeque
3087 4381 3302 4446 poenae
3349 4365 3420 4426 et
3473 4359 3920 4446 derogationis

1826 4461 2195 4548 cogitasset,
2244 4461 2761 4526 conferebantur.
3849 4463 3854 4468 ’

1916 4563 2165 4628 Eadem
2202 4563 2323 4640 die,
2356 4563 2503 4628 Rex
2544 4563 2872 4628 eluctatus
2903 4565 3290 4650 captionem,
3321 4585 3574 4628 necnon
3611 4563 3922 4628 custodiae

1826 4665 2381 4752 mancipationem
2424 4665 2852 4752 vilipendenS,
2899 4671 3128 4730 contra
3169 4665 3550 4732 resistentes
3603 4667 3746 4744 sibi,
3791 4687 3926 4730 cre-

1828 4767 1963 4842 bre,
2008 4773 2085 4830 ut
2114 4767 2465 4846 ferebatur,
2508 4767 2721 4834 dicere
2770 4767 3168 4846 solebat,-—“
3199 4769 3306 4832 Ex
3353 4791 3500 4854 quo,
3531 4769 3746 4854 gratia
3779 4767 3922 4848 Dei,

1832 4877 1863 4904 “
1906 4871 2221 4936 inunctus
2266 4893 2413 4934 sum
2456 4869 2529 4936 in
2568 4893 2790 4956 regem
2819 4875 3092 4956 paterno
3127 4871 3300 4958 jure,
3333 4893 3532 4956 quare
3565 4871 3924 4936 destitutus

1828 4977 1867 5008 “
1912 4995 2055 5036 sum
2076 4977 2101 5038 ’ἐ
2118 4973 2155 4998 ’'
2246 4971 2491 5038 Statim
2530 4971 2806 5058 juravit,
2851 4995 3030 5036 more
3059 4973 3404 5052 solit0,—“
3437 4973 3566 5038 Per
3605 4973 3924 5060 pietatem

1830 5081 1865 5112 “
1914 5075 2059 5154 Dei,
2100 5097 2443 5160 nunquam
2500 5085 2515 5110 ‘
2538 5077 2687 5140 Rex
2732 5073 3026 5160 dejectus
3047 5073 3060 5100 ’
3109 5075 3536 5160 appellabor.”
3647 5073 3816 5142 Haec
3859 5079 3926 5140 et

1830 5175 1957 5242 2iis
2020 5177 2277 5256 similia,
2342 5177 2427 5244 ab
2490 5177 2894 5242 Inventione
2957 5177 3218 5244 Sanctae
3283 5177 3512 5244 Crucis
3573 5199 3782 5262 usque
3841 5177 3926 5240 ad

1828 5283 2113 5348 Vincula
2172 5283 2403 5348 Sancti
2470 5283 2671 5362 Petri,
2744 5283 3180 5370 plurimorum
3249 5283 3600 5348 verborum
3663 5283 3926 5370 agmine

1828 5391 2093 5454 versata
2160 5387 2467 5464 crebriUS,
2532 5391 2695 5450 tunc
2760 5385 3024 5450 demum
3101 5387 3326 5452 debito
3399 5389 3532 5452 fine
3601 5385 3924 5462 conclusa.

1830 5489 2125 5556 Tandem
2174 5511 2249 5554 eo
2294 5489 2487 5552 modo
2530 5511 2635 5554 res
2680 5487 3024 5570 ventilata,
3065 5495 3144 5554 ut
3187 5489 3392 5576 aequis
3437 5487 3926 5556 conditionibus

1832 5589 1981 5656 Rex
2040 5587 2107 5656 et
2168 5591 2271 5656 sui
2330 5591 2671 5676 complices
2730 5591 3230 5658 absolverentur
3287 5613 3330 5656 a
3383 5589 3698 5668 custodia,
3743 5591 3926 5656 nullo

1832 5699 2025 5780 pacto
2084 5693 2215 5758 alio
2274 5693 2775 5770 interveniente,
2823 5691 2956 5756 nisi
3013 5699 3092 5758 ut
3137 5693 3434 5778 quisquis
3493 5699 3716 5778 partes
3773 5689 3928 5760 suas

1902 5945 1921 5976 ¹
1942 5943 2283 5996 consuluerant
2302 5945 2355 5994 in
2378 5947 2505 6010 orig.
2865 5943 2878 6012 Ι
2969 5947 2992 5976 ²
3013 5947 3056 5994 is
3077 5943 3134 5996 in
3155 5943 3282 6010 orig.
