5559 8242
2523 2097 2849 2150 ANNALES.
3600 2087 3727 2150 113

1629 2301 1662 2328 “
1707 2303 1724 2328 ‘
1751 2295 1982 2358 contra
2045 2289 2064 2328 ¹
2095 2291 2356 2378 Regem,
2423 2295 2490 2358 et
2555 2287 2807 2354 ibidem
2876 2283 3263 2368 interfect03
3328 2289 3395 2352 et
3464 2289 3721 2374 Rogero
3742 2289 3879 2348 ΑΒ.
3906 2301 4051 2350 1322.

1627 2401 1662 2430 “
1709 2405 1724 2430 ‘
1753 2397 2120 2480 Dammory
2163 2393 2496 2480 proditore
2541 2391 2937 2476 adjudicato,
2984 2381 3053 2456 et
3114 2389 3509 2476 quibusdam
3570 2391 3717 2456 aliis

1619 2505 1656 2532 “
1703 2503 1718 2532 ‘
1747 2495 2192 2582 proditoribus
2243 2501 2310 2562 et
2353 2493 2634 2560 inimicis
2679 2493 2881 2580 Regis
2928 2499 2995 2558 et
3038 2493 3243 2580 regni,
3272 2515 3421 2558 cum
3456 2493 3713 2558 vexillis

1613 2605 1652 2636 “
1701 2607 1718 2632 ‘
1747 2599 2108 2684 explicatis
2141 2601 2224 2662 ut
2253 2597 2332 2664 de
2363 2619 2612 2684 guerra,
2645 2595 2979 2662 hostiliter
3006 2595 3369 2674 resistebat,
3406 2601 3477 2660 et
3506 2595 3707 2682 impe-

1613 2705 1644 2734 “
1697 2707 1714 2736 ‘
1747 2701 1920 2766 divit
1949 2701 2166 2786 ipsum
2197 2699 2560 2766 Dominum
2593 2699 2857 2786 Regem,
2890 2697 3205 2778 homines,
3236 2701 3307 2762 et
3350 2697 3707 2762 familiares

1611 2811 1644 2838 “
1693 2809 1710 2838 ‘
1739 2825 1906 2880 suos
1937 2825 2054 2888 per
2097 2809 2232 2868 tres
2265 2803 2402 2868 dies
2433 2801 2793 2880 continuos,
2828 2803 3177 2886 quominus
3208 2807 3477 2886 pontem
3510 2801 3705 2868 dictae

1609 2913 1646 2940 “
1691 2913 1708 2940 ‘
1737 2905 1914 2970 villae
1961 2905 2042 2970 de
2089 2905 2384 2970 Burtone
2431 2903 2714 2970 transire
2743 2907 3123 2990 potuerunt,
3156 2901 3183 2938 2
3202 2907 3281 2968 ut
3314 2903 3699 2984 debuerunt,

1603 3015 1638 3040 “
1685 3011 1700 3040 ‘
1733 3013 1802 3074 et
1847 3009 2166 3092 quosdam
2213 3005 2510 3074 homines
2571 3005 2776 3092 ipsius
2838 3007 3113 3074 Domini
3176 3005 3373 3094 Regis
3420 3005 3699 3072 felonice

1597 3117 1632 3142 “
1679 3113 1696 3142 ‘
1725 3107 2076 3174 interfecit.
2113 3135 2116 3138 ⁴
2173 3109 2276 3174 Ob
2321 3111 2514 3194 quod,
2549 3107 2877 3174 Dominus
2924 3109 3087 3188 Rex,
3118 3113 3389 3192 propter
3418 3111 3695 3194 praedic-

1597 3217 1634 3244 “
1681 3217 1698 3244 ‘
1727 3215 1868 3274 tam
1929 3209 2254 3274 malitiam
2307 3217 2378 3276 et
2429 3211 2875 3276 resistentiam
2936 3211 3235 3296 praedicti
3286 3211 3561 3276 Comitis
3620 3215 3691 3274 et

1589 3317 1628 3346 ‘⁶
1673 3321 1692 3346 ‘
1721 3311 2002 3376 aliorum
2047 3309 2072 3348 3
2091 3311 2556 3398 reprimendas,
2603 3317 2670 3376 et
2713 3335 2833 3398 pro
2880 3311 3369 3396 tranquillitate
3416 3319 3485 3378 et
3528 3335 3687 3398 pace

1583 3421 1622 3448 “
1667 3423 1682 3448 ‘
1713 3411 1740 3448 4
1757 3413 1986 3498 populi
2031 3413 2132 3478 sui
2179 3419 2248 3478 et
2291 3415 2498 3498 regni,
2543 3419 2612 3480 et
2671 3411 2700 3450 5
2705 3413 2879 3496 juris
2936 3435 3193 3480 coronae
3252 3437 3391 3480 suae
3452 3437 3683 3480 manu·

1583 3521 1618 3548 “
1663 3523 1682 3548 ‘
1709 3513 2026 3594 tenendae,
2051 3519 2118 3580 et
2149 3517 2232 3580 ad
2267 3515 2714 3600 repellendum
2747 3521 2817 3580 et
2844 3513 3291 3580 amovendum
3330 3515 3473 3578 vim
3510 3537 3677 3600 pree-

1583 3625 1616 3650 “
1661 3627 1676 3652 ‘
1709 3615 1970 3696 dictam,
2019 3617 2044 3654 ⁰
2061 3617 2366 3680 seditiose
2421 3621 2903 3702 congregatam,
2952 3615 3313 3680 transitum
3364 3617 3675 3702 quaesivit

1577 3723 1616 3754 ‘⁶
1661 3729 1680 3754 ‘
1709 3717 1972 3782 aliunde
2017 3717 2198 3794 ultra
2241 3739 2478 3804 aquam
2527 3717 2608 3780 de
2657 3717 2917 3792 Trente,
2964 3723 3033 3780 et
3076 3721 3387 3804 potenter
3432 3717 3673 3782 exinde

1567 3827 1606 3854 “
1653 3827 1670 3854 ‘
1699 3819 2030 3906 equitavit
2089 3839 2314 3884 versus
2365 3819 2714 3902 praedictos
2786 3813 2811 3852 ⁷
2832 3817 3123 3882 Comites
3176 3821 3243 3882 et
3294 3817 3477 3882 alios·
3572 3819 3663 3882 Et

1569 3927 1604 3956 “
1651 3927 1670 3956 ⁶
1697 3921 2050 4006 praedictus
2099 3919 2430 3996 3Thomas,
2463 3921 2584 3984 hoc
2611 3917 3039 4002 perpendens,
3072 3919 3305 3982 9simul
3336 3941 3485 3982 cum
3516 3919 3663 3984 aliis

1565 4029 1602 4056 “
1649 4029 1664 4058 ‘
1695 4023 2026 4108 praedictis
2087 4021 2550 4108 proditoribus
2619 4017 2672 4056 ¹⁰
2695 4019 2809 4104 [ut
2868 4021 3167 4104 proditor
3226 4025 3295 4086 et
3352 4021 3659 4086 inimicus

1565 4133 1602 4160 “
1647 4133 1664 4160 ‘
1695 4123 1894 4210 Regis
1947 4129 2016 4188 et
2065 4123 2270 4210 regni,
2313 4125 2536 4208 posuit
2595 4121 2817 4206 ignem
2880 4121 2951 4186 in
2996 4123 3159 4186 villa
3220 4121 3299 4186 de
3356 4121 3653 4188 Burtone

1559 4233 1590 4260 “
1639 4235 1654 4262 ‘
1683 4227 2012 4314 praedicta,
2063 4229 2128 4290 et
2175 4229 2430 4312 partem
2477 4225 2821 4290 domorum
2866 4227 2935 4288 et
2980 4225 3301 4290 bonorum
3360 4225 3649 4308 ejusdem

1555 4335 1592 4364 “
1639 4335 1654 4362 ‘
1685 4327 1862 4392 villae
1893 4327 2164 4392 felonice
2199 4327 2592 4404 combussit,
2639 4327 2706 4388 et
2731 4331 2981 4390 extunc
3010 4325 3365 4410 praedictus
3394 4325 3645 4404 Comes,

1551 4439 1584 4464 “
1633 4439 1650 4464 ‘
1679 4427 1874 4494 simul
1919 4449 2064 4492 cum
2111 4427 2258 4492 aliis
2299 4425 2634 4512 praedictis
2675 4425 3177 4512 proditoribus]
3210 4427 3379 4492 exiit
3414 4429 3641 4492 villam

1553 4541 1584 4566 “
1629 4541 1646 4566 ‘
1675 4529 2058 4618 praedictam
2105 4551 2312 4614 usque
2359 4531 2432 4594 in
2477 4551 2778 4614 campum
2824 4529 3093 4606 ibidem,
3126 4529 3391 4594 vexillis
3438 4529 3639 4616 expli-
3726 4527 3745 4552 ²

1547 4641 1582 4668 “
1631 4643 1646 4668 ‘
1675 4631 1860 4710 catiS,
1905 4635 1970 4696 et
2027 4631 2194 4696 acies
2249 4653 2398 4694 suas
2451 4629 2793 4694 bellicosas
2854 4629 3101 4696 direxit
3160 4629 3491 4696 hostiliter
3550 4631 3633 4696 ad

1541 4743 1580 4770 “
1621 4745 1636 4772 ‘
1669 4731 2124 4800 debellandum
2169 4733 2386 4818 ipsum
2431 4731 2793 4798 Dominum
2838 4731 3103 4818 Regem,
3138 4735 3369 4796 contra
3406 4733 3629 4796 homa-

1535 4845 1570 4872 “
1619 4845 1634 4870 ‘
1661 4839 1862 4926 gium,
1895 4833 2304 4910 fidelitatem,
2339 4839 2408 4898 et
2451 4835 2839 4920 ligeantiam
2880 4855 3081 4912 suam,
3132 4835 3373 4916 quibus
3416 4833 3627 4898 eidem

1533 4947 1564 4974 “
1613 4945 1628 4974 ‘
1661 4937 1706 4974 ¹¹
1729 4935 2012 5002 Domino
2061 4947 2204 5002 erat
2231 4937 2556 5014 astrietUS,
2587 4937 2995 5022 expectando
3028 4935 3389 5000 adventum
3420 4935 3623 5020 ipsius

1531 5051 1566 5076 “
1611 5049 1626 5076 ‘
1657 5039 1926 5104 Domini
1975 5037 2176 5124 Regis
2219 5039 2288 5102 in
2337 5039 2560 5104 eodem
2609 5059 2853 5122 campo.
2946 5037 3035 5100 Et
3068 5059 3261 5122 super
3288 5037 3425 5116 hoc,
3470 5057 3617 5100 cum

1527 5149 1562 5178 ‘⁶
1607 5151 1624 5178 ‘
1653 5143 1868 5208 dictus
1913 5139 2196 5206 Thomas
2247 5141 2480 5206 Comes
2523 5139 2979 5228 perpendisset
3008 5139 3225 5226 ipsum
3252 5139 3615 5204 Dominum

1583 5427 1602 5458 1
1623 5421 1884 5472 Dominum
1909 5421 2084 5486 Reyem
2103 5419 2160 5468 in
2179 5421 2264 5470 the
2287 5419 2510 5472 Foedera.
2673 5423 2690 5448 ⁷
2719 5419 2943 5470 Comitem
2964 5421 3023 5470 in
3044 5421 3129 5470 the
3150 5419 3371 5472 Foedera.

1577 5503 1598 5532 ²
1611 5505 1766 5566 prout
1781 5499 1836 5548 in
1859 5499 1946 5550 the
1967 5497 2190 5550 Foedera.
2667 5499 2684 5528 ⁹
2717 5497 2925 5548 Thomas
2986 5499 3167 5564 Comes,
3224 5499 3327 5562 Ιιοσ,
3392 5499 3449 5548 in
3516 5499 3603 5550 the

1577 5581 1596 5610 ⁸
1615 5577 1962 5646 reprimendam
1983 5579 2036 5628 in
2061 5577 2146 5628 the
2167 5577 2390 5628 Foedera.
2597 5577 2823 5628 Foedera.

1573 5661 1592 5688 ⁴
1615 5661 1752 5724 requi
1765 5667 1814 5708 et
1823 5657 2000 5724 populi
2019 5657 2074 5706 in
2095 5659 2182 5708 the
2203 5659 2426 5710 Foedera.
2661 5661 2680 5686 ⁹
2697 5657 2883 5708 scilicet
2910 5659 2969 5708 in
3002 5659 3147 5724 orig„
3182 5659 3433 5710 corrected
3462 5659 3595 5710 from

1571 5739 1590 5766 ⁵
1599 5739 1718 5802 jure
1759 5755 1942 5790 coronoe
1997 5755 2098 5788 succ
2149 5739 2292 5802 reqioe
2335 5755 2504 5788 manu-
2591 5741 2678 5792 the
2699 5741 2925 5792 Foedera.

1511 5819 1700 5868 tenendo
1721 5817 1778 5866 in
1799 5819 1888 5868 the
1909 5817 2132 5868 Foedera,
2657 5821 2696 5850 ¹⁰
2719 5819 2943 5870 Omitted
2976 5819 3031 5870 in
3066 5819 3213 5884 orig.,
3254 5823 3323 5886 by
3358 5819 3591 5872 inadver-

1567 5897 1586 5924 ὅ
1607 5897 1834 5946 seditione
1877 5895 2038 5946 taliter
2075 5903 2408 5962 conyreyatam
2441 5895 2496 5946 in
2587 5905 2744 5950 tenee.
2816 5899 3053 5964 Supplied
3072 5899 3203 5950 from
3222 5899 3309 5950 the
3330 5899 3551 5952 Foedera.

1497 5973 1582 6024 the
1603 5973 1824 6026 Foedera.
2655 5979 2686 6006 ¹¹
2711 5977 2925 6028 Domino
2946 5977 3077 6042 Reyi
3096 5977 3153 6026 in
3174 5977 3261 6028 the
3282 5977 3505 6030 Foedera.

3258 6077 3315 6124 H
