5559 8242
1686 2265 1823 2314 ΑΒ.
1852 2267 1995 2312 1323.

1688 2337 1853 2400 Ralph
1872 2337 1999 2386 Bas-

1690 2411 1777 2464 set‚
1802 2401 1943 2466 King

1688 2469 1949 2520 Edward's

1690 2535 1959 2586 Seneschal

1686 2603 1737 2652 in
1768 2601 1933 2664 Aqui-

1688 2667 1841 2726 taine,
1862 2665 1949 2714 the

1690 2747 1837 2784 cause
1860 2731 1921 2780 of

1688 2801 1893 2850 offence.

1998 2041 2151 2104 *1442
2572 2049 2864 2106 HENRIOI
2909 2049 3002 2096 nr:
3053 2049 3512 2100 BLANEroRDE

2108 2243 2271 2306 Erat
2314 2239 2637 2324 siquidem
2682 2239 2751 2300 in
2782 2237 3220 2322 Aquitannia‚
3267 2237 3444 2322 apud
3489 2235 3752 2300 Sanctae
3797 2233 4110 2300 Sacerdo-

2020 2343 2129 2422 tis,
2168 2343 2439 2426 quidam
2482 2341 2842 2426 religiosus,
2871 2340 3124 2424 largam
3169 2337 3436 2418 habens,
3485 2343 3554 2404 et
3599 2343 3874 2424 gratam,
3905 2337 4114 2424 plani-

2020 2445 2199 2522 tiem,
2248 2463 2447 2528 quam
2492 2443 2639 2506 Rex
2682 2441 2976 2508 Franciae
3019 2441 3094 2506 in
3121 2439 3536 2506 excambium
3579 2441 3854 2504 alterius
3901 2445 4108 2516 terrae,

2020 2547 2289 2630 propter
2334 2543 2475 2628 ejus
2502 2545 2974 2622 amoenitatem,
3007 2541 3294 2608 corditer
3337 2541 3756 2628 praeoptavit.
3845 2541 4112 2628 Adepta

2020 2645 2231 2730 igitur
2272 2667 2389 2712 sua
2430 2645 2505 2710 in
2548 2645 2671 2712 hac
2708 2651 2896 2732 parte
2925 2645 3288 2724 voluntate,
3323 2645 3652 2730 quoddam
3681 2645 4112 2732 municipium

2020 2747 2095 2812 in
2124 2749 2367 2826 eadem,
2416 2753 2483 2812 et
2526 2747 2755 2814 villam
2801 2749 2870 2812 in
2917 2749 3210 2826 circuitU,
3239 2771 3390 2816 cum
3435 2747 3728 2814 aedificiis
3773 2755 4114 2836 sumptuo-

2020 2849 2129 2928 sis,
2160 2845 2473 2916 aedifieari
2500 2853 2832 2936 praecepit,
2865 2851 3242 2940 dictumque
3271 2853 3488 2918 locum
3517 2853 3776 2940 populo,
3807 2851 3880 2914 in
3925 2851 4114 2918 brevi

2020 2951 2185 3018 inibi
2244 2953 2705 3040 multiplicato,
2764 2955 3108 3038 satagebat
3181 2955 3346 3020 totis
3409 2955 3666 3020 viribus
3739 2959 4112 3020 venustare.

2020 3055 2309 3140 Populus
2352 3055 2619 3140 insuper
2662 3055 2822 3120 dicti
2865 3055 3012 3138 1001,
3053 3057 3128 3120 111
3171 3055 3568 3120 infrenatam
3599 3063 3668 3122 et
3711 3055 4000 3120 subitam
4045 3079 4112 3120 se

2020 3159 2277 3242 erigens
2324 3155 2345 3192 ¹
2368 3157 2735 3234 elationem,
2782 3157 2810 3194 ²
2827 3161 2974 3220 tum
3015 3161 3284 3242 propter
3329 3179 3706 3242 supremum
3751 3159 4114 3223 dominium

2020 3261 2197 3324 tanti
2240 3259 2571 3348 principiS,
2618 3261 2739 3326 sub
2785 3281 2914 3346 quo
2959 3259 3246 3326 viriliter
3287 3259 3684 3340 militabant,
3729 3267 3878 3326 tum
3921 3283 4118 3348 prop-

2020 3365 2125 3428 ter
2152 3385 2331 3450 spem
2360 3363 2625 3426 inanem
2654 3363 3060 3438 divitiarum,
3089 3363 3330 3448 quibus
3357 3361 3636 3426 feliciter
3665 3363 4112 3440 abundabant,

2022 3487 2155 3530 non
2186 3467 2395 3530 solum
2430 3465 2605 3552 leges
2634 3471 2701 3530 et
2732 3465 2990 3530 decreta
3033 3465 3260 3552 populi
3293 3463 3728 3550 Aquitannici
3773 3467 4114 3532 observare

2020 3569 2431 3654 spernebant,
2496 3589 2725 3634 verum
2787 3567 2990 3632 etiam
3059 3567 3502 3634 Senescallum
3567 3567 3768 3654 Regis
3833 3567 4116 3654 Angliae,

2020 3671 2271 3738 dictum
2318 3677 2355 3704 “
2374 3669 2729 3736 Dominum
2776 3669 3140 3734 Radulfum
3185 3669 3472 3748 Basset,”
3501 3675 3898 3758 caeterosque
3947 3669 4118 3756 63113-

2024 3773 2171 3838 dem
2218 3773 2415 3858 Regis
2476 3771 2828 3850 ministros
2873 3773 3068 3858 leges,
3117 3779 3188 3838 et
3231 3771 3486 3838 monita
3545 3773 3918 3850 eorundem,
3967 3795 4118 3836 con-

2022 3875 2487 3960 temptibiliterz
2528 3873 2974 3960 neglexerunt.
3067 3875 3158 3938 Et
3187 3895 3338 3938 cum
3365 3873 3744 3960 hujusmodi
3771 3873 4118 3960 opprobria

2020 4001 2063 4042 a
2116 3977 2293 4044 dicto
2340 3977 2581 4064 populo
2626 3977 2950 4044 cervicoso
2999 3977 3384 4062 aliquandiu
3433 3977 3830 4064 pertulisset,
3875 3999 3992 4062 pro
4041 3999 4116 4042 60

2026 4081 2201 4166 quod
2260 4081 2713 4146 communibus
2782 4079 3016 4166 subjici
3083 4079 3300 4144 noluit
3355 4079 3630 4164 legibus,
3693 4079 3808 4156 sed
3881 4077 3952 4142 in
4001 4101 4118 4144 sua

2026 4181 2433 4248 contumacia
2476 4183 2862 4270 perduravit
2891 4181 3224 4258 continua,
3257 4181 3446 4246 V'elut
3485 4185 3902 4266 expugnator
3941 4203 4124 4266 mag-

2024 4287 2269 4366 nificus,
2342 4285 2607 4350 collecto
2684 4285 2976 4350 exercitu
3041 4283 3312 4370 copioso,
3377 4285 3730 4368 superbum
3799 4285 4114 4370 populum

2024 4389 2299 4454 viriliter
2344 4387 2665 4474 disposuit
2710 4387 2850 4472 subj
2861 4407 3072 4472 ugare.
3165 4385 3296 4466 Qui
3341 4407 3566 4452 omnes
3595 4387 3670 4452 in
3711 4387 3904 4452 brevi
3947 4387 4116 4454 inibi

2022 4491 2397 4554 resistentes
2440 4495 2563 4554 aut
2620 4489 2693 4554 in
2752 4489 2978 4576 fugam
3031 4489 3368 4556 convertit
3423 4495 3826 4576 perpetuam,
3871 4495 3990 4554 aut
4043 4491 4118 4554 in

2026 4615 2135 4656 ore
2176 4591 2399 4678 gladii,
2428 4591 2455 4630 ³
2472 4593 2641 4656 nulli
2668 4613 2940 4680 parcens
2969 4593 3158 4658 aetati
3187 4593 3298 4656 vel
3341 4593 3546 4668 sexui,
3575 4593 3786 4658 Vitam
3833 4593 4118 4678 singulo·

2024 4715 2169 4758 rum
2216 4695 2461 4780 absque
2502 4695 2952 4760 misericordia
2995 4691 3020 4728 ⁴
3041 4693 3534 4760 consummavit.
3627 4693 3768 4760 Nec
3795 4693 3928 4758 hiis
3959 4717 4112 4758 con-

2024 4803 2269 4878 tentus,
2300 4797 2653 4862 combustis
2684 4797 2990 4864 omnibus
3029 4797 3338 4878 aedificiis»,
3371 4803 3440 4864 et
3471 4797 3836 4884 prostratiS,
3869 4797 4118 4864 dictum

2026 4899 2239 4964 locum
2284 4899 2421 4966 solo
2464 4905 2659 4964 tenus
2704 4899 3122 4986 integraliter
3167 4899 3626 4986 complanavit.

2116 4989 2329 5088 Super
2370 5001 2609 5088 quibus
2652 5001 2872 5068 dictus
2933 5001 3352 5082 Senescallus,
3399 5007 3466 5068 et
3515 5003 3738 5068 caeteri
3781 5001 3976 5088 hujus
4023 5003 4118 5068 rei

2028 5105 2551 5192 transgressores,
2594 5105 2818 5172 vocati
2875 5105 2962 5170 ad
3007 5103 3292 5184 Curiam,
3341 5109 3408 5170 et
3455 5105 3644 5172 citati
3689 5111 3860 5184 sunt,
3913 5107 4118 5172 Fran-

2028 5229 2267 5284 corum,
2312 5229 2529 5272 coram
2574 5207 2846 5294 paribus
2891 5213 2960 5272 et
3003 5209 3412 5294 sapientibus
3469 5209 3660 5296 regni
3719 5229 3914 5294 super
3957 5231 4118 5296 prae-

1960 5339 1963 5342 ⁴
2028 5309 2243 5374 missis
2314 5309 2940 5396 transgressionibus
3013 5311 3402 5396 responsuri,
3479 5315 3550 5376 et
3615 5307 3820 5394 juxta
3893 5317 4116 5377 eorum

2030 5413 2301 5488 decreta,
2352 5417 2419 5476 et
2454 5411 2627 5496 juris
2686 5413 3108 5498 exigentiam,
3173 5413 3590 5478 satisfacturi.
3683 5413 3938 5492 Quibus
3999 5415 4142 5478 hu-'

2020 5515 2309 5600 jusmodi
2342 5513 2643 5582 citationi
2674 5515 2944 5580 minime
2987 5515 3396 5602 parentibuS,
3425 5501 3742 5602 praefatus
3789 5515 4124 5584 86363031·-

2032 5619 2135 5682 1113
2178 5639 2297 5704 pro
2344 5617 2647 5682 omnibus
2692 5619 2970 5682 refertur
3013 5617 3240 5682 taliter
3281 5619 3688 5706 respondisse
3715 5639 3890 5698 3—-se
3953 5617 4122 5682 nihil

2032 5721 2213 5786 aliud
2258 5719 2331 5784 in
2374 5719 2493 5784 hac
2554 5725 2739 5806 parte
2813 5719 3036 5806 egisse,
3111 5741 3308 5804 quam
3383 5719 3558 5806 quod
3603 5719 3708 5784 sui
3767 5719 3962 5784 officii
4005 5721 4118 5784 de-

2102 5935 2117 5964 1
2138 5933 2191 5982 in
2214 5929 2459 5982 elationem
2482 5929 2539 5978 in
2564 5931 2691 5994 orig.
3227 5925 3316 5978 ulli
3335 5927 3392 5976 in
3413 5927 3542 5992 orig.

2098 6015 2119 6042 ²
2140 6019 2291 6062 tamen
2314 6009 2369 6060 in
2388 6009 2605 6062 Hearne.
3181 6011 3202 6036 ⁴
3223 6009 3522 6058 consumavit
3537 6007 3592 6056 in
3615 6007 3836 6060 Hearne.
