5559 8242
1263 5514 1268 5674 ....—.-........—
1265 5503 1268 5510 ..
1265 5441 1272 5500 τ

2417 2073 2626 2128 REGIS
2685 2073 2985 2126 ANGHAE.
3598 2059 3721 2130 171

1625 2265 1816 2340 ditor,
1879 2283 2024 2328 cum
2111 2263 2318 2328 fratre
2399 2263 2895 2348 comproditore,
2978 2265 3219 2328 carceri
3292 2245 3727 2348 mancipatur.
3746 2267 3885 2322 ΑΒ.
3908 2277 4053 2334 1393,

1619 2367 1778 2432 Non
1835 2367 2048 2432 multo
2111 2371 2276 2452 poet,
2335 2367 2588 2430 auxilio
2645 2365 2845 2430 castri
2906 2367 3249 2450 capitanei,
3296 2365 3521 2450 fugere
3566 2367 3723 2430 sunt
3750 2341 3911 2388 1394?

1617 2469 1932 2558 permissi.
2021 2469 2254 2535 Latuit
2301 2493 2454 2556 ergo
2499 2469 2662 2534 Dux
2701 2489 2837 2532 non
2880 2469 3109 2554 procul
3156 2469 3241 2534 ab
3288 2469 3517 2534 eodem
3558 2469 3717 2546 1000,

1615 2575 1794 2639 inter
1837 2573 2082 2652 vineas,
2129 2595 2246 2658 per
2287 2579 2550 2658 tempus
2589 2571 2879 2658 aliquod,
2916 2595 3063 2638 cum
3096 2573 3275 2638 dicto
3306 2573 3527 2652 fratre,
3560 2591 3717 2656 quo-

1613 2677 1766 2742 dam
1829 2675 2092 2754 rusticO‚
2155 2675 2406 2740 cultore
2467 2675 2698 2752 vineae,
2761 2673 2853 2738 eis
2924 2675 3243 2740 victualia
3302 2675 3385 2740 de
3444 2673 3711 2738 civitate

1615 2779 1852 2846 cotidie
1895 2779 2244 2844 deferente.

1699 2883 1970 2948 Interea
2009 2883 2168 2970 fuga
2217 2879 2422 2946 Ducis
2469 2879 2750 2970 cognita,
2786 2881 3043 2966 publice
3088 2881 3563 2966 proclamatum
3594 2885 3709 2958 est,

1609 2991 1686 3052 ut
1733 2985 2102 3074 quicunque
2135 2985 2390 3050 Ducem
2435 3005 2662 3070 capere
2707 2985 3045 3068 potuisset,
3080 2985 3135 3048 si
3182 2985 3453 3049 nativus
3484 3003 3711 3048 servus

1609 3091 1792 3166 foret,
1851 3089 2020 3154 liber
2077 3089 2284 3170 fieret,
2347 3093 2416 3154 et
2479 3087 2871 3174 condignam
2916 3087 3347 3152 nihilominus
3392 3087 3709 3172 reciperet

1609 3193 2240 3272 remunerationem3
2311 3191 2368 3254 si
2429 3213 2584 3256 vero
2645 3211 3015 3276 generosus,
3094 3199 3361 3256 centum
3432 3191 3709 3255 libratas

1605 3301 1796 3360 terrae
1843 3315 1960 3378 pro
1989 3293 2214 3358 labore
2261 3293 2642 3380 perciperet,
2673 3296 2991 3378 perpetuo
3030 3293 3471 3380 possidendae.
3558 3291 3705 3370 Qua

1605 3395 2112 3482 proclamatione
2141 3397 2358 3462 dictus
2401 3397 2686 3460 rusticus
2733 3397 3081 3474 animatus,
3114 3395 3435 3462 instinctu
3478 3395 3703 3460 uxoris

1603 3521 1740 3564 suae
1785 3499 2124 3584 praecipue,
2173 3497 2472 3584 prodidit
2529 3497 2943 3584 proditores3
3006 3499 3225 3584 sicque
3288 3499 3537 3562 factum
3600 3501 3699 3564 est

1601 3604 1680 3666 ut
1743 3601 1840 3664 hii
1901 3621 2102 3688 poena
2151 3603 2602 3686 plecterentur
2655 3599 2909 3676 meritc,
2956 3603 3025 3664 et
3076 3599 3343 3664 domina
3390 3599 3409 3636 1
3430 3601 3699 3684 permit-

1597 3708 1854 3769 teretur
1909 3703 2112 3768 libere
2181 3725 2338 3768 vero
2403 3701 2602 3788 Papae
2665 3701 2931 3766 obedire
2998 3699 3077 3764 de
3144 3705 3395 3768 caetero.
3518 3699 3695 3778 Quin

1597 3809 1666 3870 et
1715 3807 1862 3870 Rex
1901 3805 2058 3890 ipse,
2105 3805 2472 3870 delectatus
2533 3805 2612 3870 de
2663 3803 3015 3876 devotione
3078 3803 3375 3888 conjugis
3424 3825 3579 3890 suae,
3626 3827 3693 3870 se

1599 3909 1942 3974 subtraxit
1985 3907 2068 3972 ab
2109 3907 2136 3942 2
2153 3907 2510 3994 Antipapa,
2561 3911 2628 3972 et
2679 3903 3033 3972 Catholicis
3080 3907 3411 3972 adhaerere
3478 3907 3695 3974 decre-

1595 4011 1736 4090 vit3
1781 4013 1864 4074 ut
1891 4011 2280 4096 impleretur
2309 4011 2478 4074 illud
2509 4007 3087 4094 Apostolicum—-—3
3116 4017 3153 4044 “
3174 4007 3561 4082 Salvabitur
3590 4013 3693 4076 vir

1591 4119 1628 4148 ‘⁶
1673 4111 1962 4178 infidelis
2005 4135 2124 4198 per
2167 4113 2510 4178 mulierem
2555 4109 2919 4176 4fidelem.'’

1683 4215 1830 4280 Hoc
1875 4235 2066 4292 ann0,
2113 4215 2224 4280 ille
2267 4215 2458 4282 miles
2507 4213 2835 4290 emeritus,
2900 4215 3031 4280 toti
3094 4213 3339 4278 mundo
3384 4215 3685 4298 famosus,
3712 4225 3849 4280 AD.
3876 4237 4017 4284 1394.

1589 4317 1910 4382 Dominus
1943 4315 1970 4352 5
1991 4317 2404 4396 Haukwode‚
2461 4320 2614 4404 post
2657 4315 2935 4382 audacia
2980 4315 3007 4354 ⁶
3024 4319 3457 4394 tentamenta,
3502 4321 3687 4386 moli·
3710 4321 3877 4398 Death
3900 4325 3963 4372 of

1589 4421 1772 4484 mina
1813 4425 1966 4506 post
2011 4424 2480 4500 consummata,
2513 4423 2670 4504 post.
2709 4419 3129 4484 incredibilia
3170 4441 3339 4506 pene
3384 4427 3571 4506 gesta
3612 4425 3685 4488 in
3708 4387 3949 4506 {ffigffin

1589 4521 1804 4600 Italia,
1853 4527 2002 4608 post
2063 4521 2378 4608 adeptum
2437 4529 2680 4586 nomen
2711 4545 2716 4552 ·’
2729 4521 2937 4606 juxta
2994 4545 3237 4588 nomen
3296 4543 3683 4608 magnorum
3708 4527 3867 4574 wood.

1587 4627 1702 4710 qui
1763 4629 1918 4692 sunt
1975 4625 2048 4688 in
2093 4629 2288 4700 terra,
2339 4629 2490 4712 post
2541 4625 2843 4690 subactas
2888 4625 3087 4688 armis
3134 4628 3203 4689 et
3244 4628 3507 4710 potenti
3550 4629 3683 4692 vir-

1583 4730 1732 4792 tute
1777 4725 2102 4806 civitatee,
2163 4727 2374 4804 villas,
2429 4731 2666 4804 castra,
2727 4725 2835 4790 vel
2898 4727 3163 4812 praedia,
3218 4727 3457 4792 saeculo
3504 4733 3679 4796 vale-

1581 4829 1748 4896 fecit.
1847 4827 2050 4914 Gujus
2095 4833 2278 4916 gesta
2323 4833 2652 4894 tractatus
2699 4827 2977 4914 exigunt
3024 4829 3345 4916 speciales,

1673 4931 1862 4998 Circa
1909 4929 1934 4968 ⁷
1957 4931 2196 4996 Gulam
2241 4931 2550 5018 Augusti,
2599 4929 3081 5016 proclamatum
3126 4929 3259 4995 fuit
3300 4953 3421 5018 per
3464 4937 3675 5002 totam
3702 4945 3813 5020 {Phe
3834 4947 3969 4998 Irish

1581 5035 1910 5122 Angliam,
1959 5037 2036 5098 ut
2081 5055 2308 5100 omnes
2355 5055 2438 5098 ex
2485 5031 2817 5098 Hibernia
2882 5031 3149 5096 oriundi
3190 5037 3677 5102 reverterentur
3698 5025 3755 5058 ¹¹²
3772 5013 4009 5078 England

3702 5093 3783 5128 are
3800 5083 4009 5132 ordered

1583 5137 1666 5202 ad
1731 5145 1980 5204 terram.
2023 5139 2352 5224 propriam
2421 5135 2588 5202 citra
2633 5135 2877 5200 festum
2940 5133 3011 5198 N
3014 5133 3345 5200 ativitatis
3412 5135 3673 5206 Sanctae
3696 5151 3749 5194 to
3772 5155 3945 5224 return

1581 5241 1830 5316 Mariae,
1895 5239 2014 5306 sub
2075 5263 2274 5326 poena
2343 5241 2622 5326 capitis3
2693 5237 3143 5326 praestolaturi
3200 5237 3273 5302 in
3342 5235 3669 5304 Hibernia
3696 5213 3981 5330 ffivtnhssffun-

1581 5343 1778 5430 Regis
1835 5343 2210 5410 adventum.
2289 5343 2666 5408 ’Dicebatur
2723 5363 2975 5426 nempe,
3034 5341 3211 5426 quod
3264 5347 3539 5408 venerat
3596 5343 3669 5408 in
3692 5349 3793 5408 try.

1641 5575 1660 5604 1
1675 5577 1954 5640 permittere
1979 5577 2034 5626 in
2067 5577 2190 5642 orig.
2215 5579 2316 5628 and
2335 5577 2578 5628 Faustina
2669 5577 2943 5642 singham3
3004 5577 3259 5626 Johannes
3310 5577 3555 5628 Dominus
3610 5577 3665 5628 de

1577 5655 1638 5704 B.
1661 5655 1734 5706 ix.
2667 5655 2983 5718 Hawkwode,
3006 5655 3061 5704 in
3074 5655 3319 5706 Faustina
3338 5659 3403 5710 Β.
3426 5657 3501 5706 ix.

1641 5735 1660 5764 ²
1681 5733 2014 5802 Anupapapa
2035 5735 2090 5784 in
2115 5737 2240 5802 orig.
2733 5739 2754 5766 ⁶
2777 5743 3005 5802 temptata
3060 5733 3315 5800 molimina,
3376 5745 3491 5802 post
3552 5757 3663 5790 con-

1643 5817 1662 5844 a
1687 5819 1710 5862 1
1745 5815 1858 5866 Cor.
1881 5817 1968 5866 vii·
1997 5821 2072 5866 14.
2669 5823 2907 5866 summata
2934 5813 3189 5878 praeclara
3214 5815 3415 5880 proelia,
3438 5825 3561 5880 post
3588 5823 3663 5868 in-

1595 5877 1622 5902 ''
1639 5895 1658 5920 ‘¹
1685 5891 1920 5956 infidelem
1943 5895 1998 5944 in
2029 5895 2154 5958 orig.
2665 5893 2933 5958 credibilia,
2954 5897 3009 5944 in
3030 5889 3277 5946 Faustina
3306 5895 3369 5946 Β.
3394 5895 3463 5946 ix.

1643 5973 1662 6000 ⁵
1681 5971 1938 6024 Jokannes
1981 5973 2294 6038 Hawkwode,
2343 5977 2398 6026 in
2433 5973 2576 6026 Wal-
2733 5977 2752 6006 ⁷
2775 5973 2889 6024 The
2910 5975 3049 6026 First
3070 5975 3133 6024 of
3144 5975 3363 6040 August.
