5559 8242
2303 2049 2508 2098 LIBER
2551 2049 2646 2098 DE
2693 2047 3307 2100 BENEFAOTORIBUS.
3720 2043 3849 2104 459

1771 2235 2194 2300 contulerunt
2237 2235 2632 2299 Monasterio
2685 2236 3135 2296 tenementum
3198 2255 3405 2312 suum,
3452 2255 3599 2298 cum
3654 2235 3853 2318 perti—

1769 2337 2018 2400 nentiis
2063 2337 2212 2414 suiS,
2261 2337 2334 2400 in
2369 2337 2514 2402 vico
2561 2337 2640 2400 de
2673 2333 3005 2420 Dagenale
3054 2335 3399 2416 situatum,
3430 2359 3575 2400 cum
3602 2335 3855 2420 'viginti

1771 2461 2012 2504 novem
2055 2439 2222 2502 acris
2265 2444 2478 2516 terrae,
2525 2439 2734 2502 eidem
2781 2437 3279 2522 pertinentibus

1859 2541 2228 2608 Willelmus
2273 2541 2350 2606 de
2383 2541 2750 2628 Langeleye
2798 2541 2981 2604 dedit
3024 2541 3177 2606 huic
3208 2541 3603 2604 Mon-asterio
3644 2559 3851 2602 unum

1771 2665 2070 2708 mansum
2121 2643 2286 2708 bene
2349 2643 2744 2710 aedificatum
2806 2643 2877 2706 in
2936 2643 3095 2708 villa
3156 2641 3387 2706 Sancti
3416 2643 3677 2718 Albani,
3740 2665 3851 2706 va-

1769 2747 1928 2810 loris
1961 2745 1982 2780 ¹
2003 2749 2206 2810 annui
2249 2747 2598 2832 sexaginta
2649 2745 3021 2822 solidorum,
3070 2747 3145 2810 in
3186 2745 3335 2826 vico
3390 2745 3471 2808 de
3516 2745 3849 2832 Dagenale

1769 2849 2106 2914 situatum.

1859 2951 2226 3016 Willelmus
2279 2949 2676 3036 Chewpayn,
2723 2953 2789 3012 et
2848 2969 3015 3012 uxor
3062 2949 3217 3034 ejus,
3266 2949 3313 3014 J
3316 2951 3589 3028 ohanna,
3654 2951 3851 3016 dede-

1769 3057 1930 3116 runt
1973 3053 2128 3118 huic
2159 3053 2462 3118 Ecclesiae
2495 3055 2622 3118 duo
2671 3057 3049 3116 tenementa
3084 3051 3157 3114 in
3192 3049 3333 3116 vico
3372 3053 3451 3116 de
3486 3051 3847 3118 Haliwelle.

1769 3157 1862 3220 Et
1905 3157 2080 3220 idem
2127 3155 2504 3232 Willelmus,
2555 3153 2640 3218 ad
2687 3158 3149 3217 ornamentum
3194 3153 3517 3234 Ecclesiae,
3570 3157 3849 3222 contulit

1767 3257 1958 3344 plura
1985 3255 2312 3336 frontalia,
2351 3279 2630 3340 quorum
2675 3277 2941 3342 campus
2976 3260 3077 3319 est
3120 3257 3305 3342 niger
3330 3281 3347 3336 3
3394 3257 3467 3320 in
3506 3279 3633 3342 quo
3672 3279 3849 3320 rosa*

1765 3361 1936 3424 rium
1983 3359 2306 3424 intexitur
2345 3359 2424 3424 de
2477 3379 2634 3422 auro
2681 3381 2919 3444 grosso.
3012 3359 3215 3424 Dedit
3254 3359 3453 3422 etiam
3498 3359 3847 3444 quamdam

1767 3483 2000 3526 zonam
2047 3461 2378 3548 stipatam,
2441 3463 2522 3526 de
2587 3483 2718 3546 qua
2775 3461 2855 3524 fit
2916 3483 3167 3524 morsus
3224 3461 3311 3524 ad
3368 3483 3557 3546 capas
3610 3463 3849 3546 princi-

1765 3567 1958 3650 paleS,
2007 3569 2072 3628 et
2121 3563 2496 3650 effigiantur
2549 3563 2746 3648 cygni
2814 3563 2887 3624 in
2952 3563 3169 3626 medio
3234 3583 3471 3642 morsa,
3536 3563 3849 3628 nobiliter

1763 3667 1924 3730 facti
1991 3689 2180 3752 opere
2247 3669 2272 3702 2
2297 3665 2684 3730 aurifabrili.
2808 3665 3109 3730 Contulit
3184 3687 3439 3750 quoque
3512 3663 3845 3730 refectorio

1763 3789 1970 3832 unum
2015 3769 2300 3852 cyphum
2345 3769 2426 3834 de
2483 3767 2738 3852 dyyun,
2794 3769 3099 3830 ornatum
3158 3767 3475 3846 decenter,
3536 3789 3683 3832 cum
3744 3789 3845 3830 co-

1763 3871 2084 3956 opertorio
2135 3869 2214 3934 110
2261 3873 2486 3936 00110111
2531 3871 2750 3954 ligno;
2800 3873 2869 3930 et
2912 3891 3121 3930 unum
3168 3867 3453 3954 cyphum
3496 3891 3843 3944 murreum,

1761 3993 1910 4036 cum
1955 3973 2208 4036 duabus
2253 3971 2456 4058 peciis
2489 3977 2558 4038 et
2603 3969 2949 4036 tresdecim
3002 3971 3439 4044 cochlearibus
3502 3971 3841 4056 argenteis,

1761 4079 1824 4138 et
1871 4095 2078 4138 unum
2123 4073 2364 4138 ferrum
2411 4095 2528 4158 pro
2577 4073 2969 4136 carbonibus
3014 4073 3439 4158 imponendis,

1845 4173 1892 4238 J
1897 4177 2180 4240 ohannes
2243 4177 2560 4256 Pikebon‚
2609 4181 2676 4238 et
2737 4173 3051 4254 Matildis‚
3098 4197 3265 4240 uxor
3326 4173 3481 4260 erS,
3546 4175 3649 4240 die
3714 4197 3839 4260 quo

1757 4277 2000 4362 recepti
2045 4277 2316 4342 fuerunt
2361 4279 2446 4342 ad
2489 4277 2975 4342 fraternitatem
3020 4277 3227 4342 nostri
3264 4275 3567 4362 Capituli,
3614 4281 3841 4340 contu-

1755 4381 1976 4446 lerunt
2045 4381 2384 4466 speciebus
2453 4379 2835 4446 Conventus
2910 4377 3105 4464 hujus
3174 4379 3557 4444 Monasterii
3624 4373 3841 4444 nobile

1755 4503 2056 4546 mansum
2099 4503 2308 4560 suum,
2339 4503 2488 4546 cum
2531 4481 2785 4546 duabus
2832 4479 2997 4544 acris
3042 4484 3251 4560 terrae,
3282 4481 3351 4544 in
3386 4481 3441 4546 Ze
3470 4481 3839 4566 Frcynsche

1753 4583 1950 4646 Rowe
2015 4583 2196 4648 villae
2277 4583 2504 4648 Sancti
2573 4585 2598 4620 ³
2617 4581 2865 4646 Albani
2940 4583 3217 4660 situatis,
3294 4589 3439 4668 post
3512 4583 3837 4646 decessum

1757 4683 2124 4750 eorundem.

1843 4787 2170 4852 Robertus
2213 4787 2298 4852 de
2341 4788 2406 4852 la
2455 4787 2845 4866 Chaumbre,
2896 4793 2963 4852 et
3006 4787 3251 4872 Agnes,
3294 4807 3463 4850 uxor
3508 4787 3663 4872 ejuS,
3728 4787 3831 4850 1110

1753 4911 1880 4974 quo
1935 4889 2180 4974 recepti
2231 4889 2502 4952 fuerunt
2561 4889 2646 4950 ad
2705 4887 3189 4951 fraternitatem
3252 4887 3461 4952 nostri
3524 4887 3831 4972 Capituli,

1753 4993 2074 5056 dederunt
2149 4989 2300 5054 huic
2369 4989 2768 5054 Monasterio
2832 4989 3053 5054 nobile
3128 4989 3617 5066 vestimentum,
3684 5011 3833 5052 cum

1751 5098 1892 5158 toto
1953 5097 2284 5178 apparatu.
2397 5093 2488 5158 Et
2555 5093 2839 5178 insuper,
2888 5091 3309 5156 contulerunt
3382 5093 3467 5154 ad
3552 5089 3831 5156 officium

1749 5193 1776 5230 4
1795 5197 2222 5280 eleemosynae
2295 5198 2746 5272 tenementum
2824 5215 3041 5272 suum,
3110 5215 3259 5256 cum
3338 5193 3591 5256 duabus
3666 5193 3831 5256 acris

1751 5300 1944 5362 terrae
1991 5303 2056 5362 et
2103 5297 2250 5360 aliis
2307 5295 2740 5382 pertinentiis
2808 5297 2985 5380 quod
3032 5295 3103 5358 in
3164 5295 3307 5358 vico
3370 5293 3599 5358 Sancti
3648 5293 3831 5358 Petri

1747 5399 1924 5462 villae
1955 5397 2184 5464 Sancti
2219 5397 2466 5462 Albani
2511 5397 2835 5462 situatum
2880 5400 2995 5472 est,
3046 5397 3369 5474 videlicet,
3406 5417 3489 5460 ex
3534 5397 3827 5482 opposito

1747 5499 1922 5566 illius
1971 5499 2292 5566 Ecclesiae.

1831 5603 2200 5682 Willelmus
2267 5601 2592 5688 Kynsulle
2653 5601 2734 5666 de
2796 5601 3039 5666 Sancto
3102 5601 3379 5680 Albano,
3436 5623 3551 5686 pro
3624 5603 3827 5668 salute

1817 5877 1832 5908 1
1853 5877 1976 5926 anni
1993 5875 2048 5924 in
2069 5877 2196 5942 orig.
2910 5889 2929 5916 ³
2950 5885 3083 5936 Alba
3104 5887 3159 5936 in
3184 5887 3307 5952 orig.

1821 5957 1842 5988 ²
1859 5955 2150 6020 aurfiabili
2167 5957 2224 6006 in
2243 5955 2368 6020 orig.
2906 5967 2927 5994 ⁴
2950 5963 3201 6018 elemosina
3222 5967 3277 6016 in
3300 5967 3425 6030 orig.
